2315 3559
431 242 496 278 DE
536 240 770 277 LITTERIS
808 239 1104 276 ENCYCLICIS
1143 240 1408 278 IIUMANUM
1451 241 1619 280 GENL'S
1767 230 1798 281 s)

243 384 434 450 litates,
466 400 602 451 quae
628 383 810 436 Almae
848 381 939 435 Dei
973 382 1153 435 Matris
1185 383 1402 436 nomine
1433 402 1492 436 ac
1532 385 1800 451 pracsidio

243 490 512 547 teguntur,
566 480 862 546 instituere,
917 479 1283 547 institutisque
1331 499 1516 534 curam
1583 500 1799 536 omnem

241 581 496 634 adhibere
546 588 869 645 satagamus.
900 579 1084 645 Neque
1128 578 1241 632 sine
1286 579 1509 633 numine
1559 581 1799 633 evenisse
1872 601 2054 639 quarum
2087 590 2140 632 ab

1845 640 1851 646 .
1935 642 1941 647 .
2016 658 2023 666 ¹
2101 645 2149 669 Γ

241 678 469 741 videtur,
510 685 568 730 ut
605 694 792 743 annUS,
841 676 933 743 qui
973 677 1038 730 ab
1083 676 1326 730 instituta
1370 677 1797 743 Congregatione
1843 645 2171 742 iiigtltllff‘jlfnsipff'a‘

240 775 417 829 Prima
462 775 724 828 Primaria
766 774 1171 828 trecentesimus
1216 783 1311 841 est,
1359 775 1503 829 idem
1555 776 1640 841 sit,
1691 794 1798 843 quo
1876 756 2140 851 ffifseffssffl's

237 874 611 928 Sanctissimus
638 874 894 927 Dominus
924 874 1030 926 LEo
1051 874 1166 926 XIII
1190 874 1455 927 rationem
1483 892 1578 927 nos
1612 876 1799 929 edocet
1924 859 2082 911 agitur.

236 972 529 1026 dimicandi
561 979 746 1025 contra
772 972 1049 1038 pestiferas
1077 972 1236 1025 huius
1268 972 1526 1039 temporis
1559 991 1617 1026 ac
1653 982 1799 1027 tene—

234 1071 469 1125 bricosas
525 1070 829 1124 Societates.
890 1071 1120 1124 Ruinam
1182 1071 1282 1124 hae
1338 1071 1414 1124 rei
1471 1071 1795 1126 christianae

235 1171 579 1237 meditantur,
603 1171 856 1237 Virginea
885 1188 1008 1224 vero
1031 1172 1213 1237 Mater,
1244 1171 1512 1224 Auxilium
1540 1171 1796 1226 Christia-

233 1287 445 1337 norum,
480 1279 695 1324 cunctas
722 1271 968 1324 haereses
1003 1272 1114 1323 sola
1147 1270 1422 1323 interemit
1452 1270 1506 1323 in
1542 1270 1794 1325 universo

232 1370 452 1423 mundo.
495 1370 696 1423 Acuere
734 1369 819 1423 hic
863 1377 1083 1423 eventus
1128 1369 1450 1423 industriam
1505 1371 1681 1424 debet.
1731 1371 1796 1424 Et

232 1486 353 1521 cum
375 1470 503 1522 haec
532 1469 799 1522 declinare
820 1470 986 1522 soleat
1015 1477 1255 1536 tempore
1276 1469 1392 1536 ipso
1420 1477 1471 1522 et
1490 1469 1792 1523 labentibus

231 1569 382 1622 annis
409 1577 728 1636 torpescere,
758 1569 1062 1622 incitandus
1089 1568 1300 1621 animus
1328 1576 1406 1622 est
1432 1570 1708 1623 redeundo
1737 1570 1791 1623 in

231 1669 548 1722 memoriam
570 1668 783 1736 pristini
802 1668 1078 1735 temporis,
1095 1685 1202 1735 quo
1224 1668 1422 1721 summi
1443 1668 1585 1721 illius
1603 1669 1792 1723 aetatis

229 1768 348 1835 viri,
374 1776 572 1835 quanta
599 1768 667 1821 sit
692 1767 1046 1822 Sodalitatum
1075 1768 1129 1821 B.
1160 1768 1219 1821 V.
1251 1768 1316 1820 M.
1350 1768 1427 1821 vis
1450 1776 1501 1822 et
1527 1769 1780 1836 efficacia,

226 1870 466 1936 exemplo
488 1868 822 1922 denuntiant.
875 1887 882 1893 ·

294 1967 512 2022 Saeculo
535 1967 762 2034 septimo
784 1967 993 2021 decimo
1009 1985 1068 2020 ex
1085 1967 1294 2020 Primae
1314 1967 1607 2021 Primariae
1622 1968 1789 2022 Soda-
1916 1977 2078 2021 Harum

246 2068 254 2077 .
297 2068 305 2076 .
515 2067 524 2076 .
867 2067 876 2076 .
1101 2067 1110 2075 .
1253 2067 1261 2075 .
1328 2067 1337 2075 .
1409 2067 1417 2076 .
1593 2069 1600 2077 .
1873 2032 2109 2076 efficaciam

222 2069 345 2121 hcio
371 2069 684 2136 prodierant
704 2075 975 2133 octoginta
996 2068 1420 2120 Eminentisslmi
1449 2067 1777 2135 Cardinales,
1858 2088 2001 2131 testati
2025 2095 2128 2131 sunt

223 2185 456 2235 quorum
479 2175 681 2234 septem
703 2168 769 2221 ad
793 2185 906 2220 sum
917 2185 1079 2233 mam,
1098 2184 1236 2233 quae
1258 2166 1312 2219 in
1334 2167 1490 2220 terris
1512 2175 1608 2233 est,
1633 2167 1783 2221 Sedis
1830 2141 2155 2193 SS.P0ntifices,

221 2267 554 2334 Apostolicae
588 2266 907 2333 dignitatem
942 2274 1065 2319 sunt
1102 2266 1270 2320 evecti
1313 2284 1323 2319 z
1367 2266 1612 2320 Urbanus
1643 2268 1780 2335 VIII,

221 2366 515 2421 Alexander
532 2367 643 2433 VII,
669 2366 908 2421 Clemens
931 2368 997 2419 IX
1023 2374 1075 2420 et
1101 2368 1160 2433 X,
1194 2366 1533 2420 Innocentius
1554 2368 1596 2420 X
1622 2375 1674 2421 et
1694 2369 1779 2435 XI,

222 2465 462 2520 Clemens
483 2468 567 2520 XI.
592 2467 776 2520 Nuntii
796 2466 1087 2534 Apostolici
1109 2484 1305 2519 nomen
1333 2466 1524 2520 Beatae
1543 2467 1781 2533 Virginis

221 2565 499 2620 Sodalitati
538 2568 801 2620 dederunt
842 2566 1094 2632 Viennae,
1145 2566 1364 2632 Pragae,
1412 2566 1679 2620 Coloniae.
1722 2568 1781 2620 In

221 2666 318 2719 hac
346 2665 566 2732 quidem
593 2666 725 2720 urhe
752 2674 941 2719 testem
968 2683 1023 2718 se
1050 2682 1189 2718 anno
1215 2664 1352 2718 ‘1660
1385 2664 1564 2731 fuisse,
1596 2674 1779 2719 narrat

222 2764 275 2817 P.
308 2764 531 2829 Crasset,
562 2764 825 2818 contionis
863 2764 1157 2830 Sodalium,
1193 2764 1285 2831 qui
1321 2772 1473 2817 erant
1511 2765 1778 2832 primores

219 2873 269 2917 et
307 2864 481 2931 capita
519 2864 737 2930 civium,
779 2864 1082 2931 quibusque
1122 2863 1356 2930 praefuit
1393 2863 1506 2930 ipse
1549 2864 1777 2917 Nuntius

217 2964 569 3031 Apostolicus.
601 2963 884 3017 Mediolani
911 2963 1206 3017 Cardinalis
1246 2964 1283 3015 F
1289 2963 1547 3017 ridericus
1587 2963 1778 3016 Borro-

219 3082 401 3117 maeus
445 3081 756 3131 puerorum,
810 3063 1084 3128 iuvenum,
1140 3062 1380 3115 virorum
1425 3062 1771 3116 Sodalitatem

218 3162 466 3216 instituit.
496 3162 717 3230 Neapoli
749 3161 1010 3216 Sodalitas
1041 3161 1134 3214 Dei
1166 3160 1346 3214 Matris
1378 3160 1592 3214 initium
1628 3159 1776 3214 duxit
