2315 3559
205 2157 484 2202 Praeclarum

213 2213 461 2267 exemplum

222 2268 456 2312 Reatorum

233 2323 448 2377 Rodulphi

218 2379 459 2432 Aquaviva,

550 209 654 264 330
811 226 1060 265 EPlsrotA
1099 228 1147 266 R.
1192 229 1237 266 P.
1281 230 1331 266 N.
1376 228 1619 267 Lunovlcl
1661 229 1859 267 MARTnv

551 372 756 426 strenui
797 373 945 427 Fidei
985 382 1295 441 assertoreS,
1337 382 1388 428 et
1426 374 1753 428 immensum
1791 374 1922 430 illud
1963 394 2113 444 prae-

550 471 977 526 clarissimorum
1042 472 1281 526 virorum
1344 491 1558 541 agmen,
1623 474 1736 541 qui,
1802 474 2109 530 admirabili

550 570 836 625 devotione
873 571 1062 638 capitis
1101 571 1203 638 sui,
1247 590 1432 626 omnes
1472 574 1581 626 sere
1620 581 1887 627 terrarum
1928 575 2111 641 plagas

549 670 839 725 sudoribus
892 672 1264 739 fecundarunt,
1296 672 1577 740 effusoque
1621 673 1882 740 sanguine
1922 673 2112 741 irriga-

550 778 692 824 runt.
727 771 802 824 lta
841 771 1093 838 denique,
1125 780 1184 824 ut
1221 773 1337 825 vela
1363 772 1614 839 colligam
1655 780 1706 826 et
1733 774 1923 840 longae
1951 773 2111 827 huius

549 870 806 937 epistolae
850 870 1013 924 finem
1067 871 1277 938 faciam,
1308 879 1633 926 censuerunt
1682 880 1788 926 tres
1840 872 1916 926 illi
1961 873 2113 927 nobi-

548 970 739 1024 lissimi
779 970 1056 1025 Societatis
1098 971 1213 1039 filii,
1249 972 1421 1025 tribus
1460 972 1605 1026 hisce
1645 973 1931 1041 postremis
1959 974 2111 1029 annis

549 1070 835 1125 Beatorum
888 1071 1186 1125 honoribus
1248 1072 1409 1139 aucti,
1465 1072 1783 1141 Rodulphus
1835 1073 2112 1142 Aquaviva

547 1170 771 1238 eiusque
800 1171 1043 1240 martyrii
1071 1170 1228 1239 Socii,
1253 1171 1516 1226 Antonius
1556 1172 1863 1227 Baldinucci
1902 1182 1953 1227 et
1991 1174 2113 1228 Ber-

546 1270 805 1325 nardinus
853 1271 1094 1325 Realino.
1139 1272 1439 1326 Pervolvite
1478 1272 1731 1327 historias
1771 1281 1823 1327 et
1866 1281 2110 1328 revocate

547 1370 602 1425 in
664 1379 901 1425 mentem
963 1372 1256 1439 gloriosam
1319 1389 1507 1426 eorum
1559 1372 1724 1426 vitam
1743 1391 1754 1439 ;
1808 1390 1946 1441 quae
2001 1381 2112 1427 tota

548 1472 849 1539 testabitur,
898 1472 1016 1527 illos
1067 1471 1387 1526 Societatem
1437 1473 1718 1527 adamasse
1773 1481 1825 1526 et
1881 1473 1946 1527 ad
1997 1480 2112 1527 tan-

548 1580 662 1626 tum
705 1590 867 1626 verae·
904 1571 1109 1639 gloriae
1154 1571 1429 1639 fastigium
1476 1572 1731 1641 evexisse,
1769 1591 1876 1627 non
1915 1572 2114 1627 iactan-

548 1672 640 1740 tia,
688 1690 796 1727 non
847 1690 983 1727 vano
1034 1680 1313 1740 apparata,
1367 1691 1475 1727 non
1524 1674 1778 1727 tubarum
1829 1674 2108 1740 clangore,

548 1773 639 1827 sed
679 1772 896 1827 assiduo
942 1772 1297 1841 impensoque
1342 1781 1555 1841 conatu,
1585 1780 1662 1840 ut,
1711 1764 2113 1842 quamcumque

548 1880 784 1941 possent,
844 1890 1003 1941 opem
1066 1874 1268 1927 ferrent
1339 1872 1591 1927 Societati
1658 1873 1724 1926 ad
1789 1872 2112 1926 altissimum

549 1973 712 2027 finem
770 1972 985 2027 divinae
1041 1972 1246 2039 gloriae
1301 1981 1351 2027 et
1407 1972 1713 2026 animarum
1771 1972 1977 2040 salutis,
2037 1972 2113 2026 illi

547 2072 920 2140 commissum,
962 2073 1381 2140 assequendum.

616 2171 699 2227 52.
766 2173 824 2226 ln
881 2173 1022 2227 hunc
1074 2172 1236 2226 finem
1289 2171 1480 2226 Beatus
1529 2171 1807 2239 Aquaviva
1867 2171 2115 2226 valedixit

548 2272 705 2326 avitis
762 2271 1004 2339 aedibus,
1059 2279 1307 2340 paternas
1370 2289 1496 2339 opes
1559 2271 1818 2339 despexit,
1882 2271 2113 2325 honores

548 2372 873 2441 contempsit
922 2372 1118 2441 quibus
1153 2389 1277 2426 eum
1312 2373 1545 2427 mundus
1583 2371 1868 2439 alliciebat,
1899 2388 2116 2425 navem-

549 2491 654 2541 que
715 2473 1078 2527 conscendens
1149 2471 1355 2526 Indiam
1423 2490 1624 2539 versus,
1689 2471 1796 2525 illic
1858 2471 2113 2526 barbaras

548 2572 688 2627 inter
752 2581 955 2641 gentes,
1022 2572 1321 2627 innumeris
1383 2572 1661 2627 exantlatis
1728 2571 2001 2626 laboribus
2062 2579 2116 2626 et

548 2672 745 2728 Christi
798 2673 944 2740 Fide,
1004 2690 1169 2741 quam
1232 2673 1591 2740 nuntiaverat,
1651 2671 1912 2739 sanguine
1974 2670 2116 2726 obsi-

548 2781 728 2841 gnata,
760 2781 989 2827 matrem
1030 2791 1183 2827 suam
1212 2790 1349 2827 nova
1378 2772 1627 2840 martyris
1665 2790 1863 2827 corona
1896 2770 2116 2826 redimi-

549 2873 642 2927 vit.
668 2874 851 2941 Neque
880 2872 1201 2926 dissimilem
1226 2873 1367 2926 viam
1396 2872 1450 2926 in
1478 2881 1650 2927 matre
1677 2891 1771 2927 sua
1798 2873 2114 2926 honoranda

548 2973 662 3028 eius
724 2980 981 3042 quattuor
1042 2973 1172 3027 socii
1234 2981 1540 3041 tenuerunt,
1590 2975 1834 3041 adeoque
1878 2973 1992 3026 iure
2054 2990 2113 3026 ac

549 3073 743 3128 merito
794 3072 986 3127 iisdem
1027 3072 1189 3126 etiam
1235 3072 1533 3127 honoribus
1578 3073 1644 3126 ab
1690 3071 1921 3126 Ecclesia
1972 3071 2113 3125 aucti

549 3181 690 3228 sunt.
