2315 3559
182 268 249 306 DE
270 259 574 306 REPETENDA
596 265 668 303 ss.
688 255 1055 315 PETR1,10ANN.
1076 262 1138 300 ET
1151 262 1304 300 ALPH.
1325 262 1565 301 MEMORIA
1600 237 1693 301 ⁵211

150 411 433 466 sectionem
483 408 823 479 provexerint
871 407 1151 476 plurimOS,
1199 407 1372 460 famae
1421 422 1480 459 ac
1530 405 1704 471 digni-

149 511 245 565 tati
289 509 564 565 Societatis
621 507 922 570 servierint,
982 523 1208 574 eamque
1263 505 1419 559 tutati
1475 504 1598 571 sint,
1645 521 1704 557 ac

149 610 431 678 praecipue
479 608 573 663 Dei
622 608 852 675 gratiam
908 615 958 661 et
1019 605 1275 660 auxilium
1336 604 1585 659 domibus
1646 620 1705 656 ac

148 708 439 777 provinciis
501 706 925 775 impetraverint.
980 705 1147 769 Quem
1202 703 1295 758 Dei
1351 705 1590 757 savorem
1647 719 1706 755 ac

149 807 479 876 praesidium
551 806 876 874 sempiterna
948 804 1013 858 iis
1086 811 1276 871 exopto
1343 820 1401 856 ac
1468 800 1707 870 praemia

150 915 365 962 aeterna
408 906 537 974 ipsis
582 906 877 960 obventura
922 921 1112 972 precor
1155 910 1206 957 et
1248 901 1480 956 confido.

220 1007 370 1071 Quod
416 1007 459 1061 si
498 1008 720 1060 fortasse
764 1005 888 1072 sint,
926 1003 1019 1072 qui
1058 1012 1243 1057 contra
1286 1003 1422 1055 hanc
1466 1001 1707 1068 regulam

152 1108 410 1174 nitantur,
435 1124 501 1160 ne
528 1106 896 1173 despondeant
922 1103 1164 1158 animum
1193 1101 1481 1170 praesides
1500 1099 1710 1153 Grande

154 1207 299 1262 enim
336 1205 658 1260 beneficium
709 1204 886 1271 agitur
931 1203 985 1256 in
1030 1220 1118 1257 eos
1163 1200 1568 1266 conferendum,
1616 1197 1710 1266 qui

152 1306 243 1360 illo
282 1304 526 1371 indigent
569 1321 695 1371 prae
738 1302 946 1357 ceteris.
995 1301 1128 1355 Sunt
1176 1299 1264 1354 isti
1313 1298 1488 1366 aegris
1538 1295 1713 1351 homi-

153 1404 310 1458 nibus
385 1402 604 1470 similes,
670 1401 763 1470 qui
837 1400 1090 1454 salutaria
1151 1398 1545 1453 medicamenta
1605 1412 1711 1449 res-

155 1511 342 1572 puunt.
375 1503 482 1556 Hos
520 1501 641 1556 ideo
678 1519 785 1555 non
829 1500 1146 1566 deserimus,
1184 1499 1329 1566 quod
1369 1496 1469 1550 sibi
1509 1494 1714 1550 consuli

154 1602 353 1669 nolint;
408 1602 499 1656 sed
549 1601 742 1655 blande
792 1600 1049 1668 primum,
1109 1598 1233 1652 dein
1290 1597 1499 1652 fortiter
1554 1595 1716 1649 insta-

159 1720 296 1769 mus,
355 1711 414 1755 ut
467 1701 705 1756 remedia
766 1699 867 1754 sibi
927 1699 1173 1754 adhiberi
1229 1698 1520 1766 patiantur,
1577 1695 1716 1749 victa

158 1801 540 1870 qualicumque
578 1800 890 1855 morositate
929 1816 1202 1854 sensuum.
1233 1799 1405 1866 Atque
1444 1798 1572 1850 haec
1607 1794 1718 1861 agi-

159 1920 278 1956 mus
323 1920 384 1956 eo
424 1901 761 1970 propensius,
804 1917 911 1968 quo
949 1899 1225 1954 ardentius
1263 1915 1527 1953 amamus,
1557 1895 1718 1963 Aegri

160 2011 302 2070 sunt,
333 2002 425 2070 qui
470 2002 722 2057 aberrant
759 2020 787 2055 a
827 2002 1030 2068 regula,
1072 1999 1362 2066 aegrioreS,
1400 1998 1493 2067 qui
1533 1997 1721 2052 adver-

160 2111 345 2158 santur
410 2102 535 2170 legi,
582 2120 678 2157 nec
741 2109 981 2156 statuunt
1041 2117 1223 2154 secum
1285 2099 1406 2168 ipsi,
1453 2106 1512 2152 ut
1567 2098 1722 2151 docet

160 2202 210 2257 S.
265 2202 522 2270 Ignatius,
585 2202 844 2271 quicquid
897 2201 1159 2268 Superior
1205 2199 1493 2267 praecipit,
1547 2197 1723 2265 ipsius

159 2304 261 2358 Dei
288 2309 631 2370 praeceptum
668 2320 774 2357 esse
810 2308 859 2356 et
892 2302 1236 2356 voluntatem.
1270 2299 1336 2353 Hi
1370 2297 1721 2367 repugnando

162 2403 379 2469 regulae
440 2403 506 2457 de
560 2402 704 2456 socio
760 2401 1003 2455 animum
1054 2398 1380 2468 patefaciunt
1434 2416 1610 2466 suum,
1663 2416 1720 2452 ac

163 2502 407 2568 regulam
465 2501 566 2554 sibi
623 2500 966 2569 potissimum
1022 2499 1379 2554 necessariam
1435 2516 1548 2554 esse
1614 2516 1721 2552 non

164 2602 389 2656 obscure
439 2601 828 2655 demonstrant.
882 2601 976 2654 His
1027 2617 1155 2667 ergo
1211 2608 1290 2654 est
1345 2598 1720 2667 opitulandum

165 2701 476 2768 studiosiUS,
529 2709 580 2756 et
624 2700 872 2768 quamvis
922 2718 1080 2768 aegre
1125 2718 1179 2755 se
1228 2699 1473 2754 adiuvari
1518 2699 1723 2768 patian-

165 2809 270 2868 tur,
329 2819 358 2855 a
413 2818 540 2854 cura
596 2800 963 2854 desistendum
1013 2817 1120 2854 non
1169 2807 1265 2854 est.
1321 2799 1528 2866 Ingenti
1578 2798 1721 2853 enim

166 2918 255 2956 eos
293 2900 554 2954 afficimus
591 2899 871 2967 beneficiO,
918 2899 1063 2967 quod
1109 2898 1381 2953 interdum
1426 2906 1505 2953 est
1541 2897 1724 2966 aequi-

169 3000 468 3068 perandum
518 3007 765 3054 aeternae
819 2998 996 3053 saluti.
1048 3000 1090 3052 A
1133 2998 1393 3054 beneficio
1439 3015 1564 3052 vero
1620 2997 1723 3050 fra-

163 3099 336 3154 tribus
373 3099 589 3166 nostriS,
637 3099 815 3167 quoad
864 3098 1004 3166 licet,
1042 3098 1361 3167 praestando
1405 3097 1721 3153 cessandum

167 3216 465 3268 numquam
515 3206 611 3265 est,
652 3207 767 3253 tum
812 3197 1054 3267 ipsorum
1102 3197 1294 3266 gratia,
1340 3205 1456 3252 tum
1488 3194 1724 3263 discipli-
