<?xml version="1.0" encoding="UTF-8"?>
<!DOCTYPE html PUBLIC "-//W3C//DTD XHTML 1.0 Transitional//EN"
    "http://www.w3.org/TR/xhtml1/DTD/xhtml1-transitional.dtd">
<html xmlns="http://www.w3.org/1999/xhtml" xml:lang="en" lang="en">
 <head>
  <title>
</title>
<meta http-equiv="Content-Type" content="text/html;charset=utf-8" />
  <meta name='ocr-system' content='tesseract 3.04.00' />
  <meta name='ocr-capabilities' content='ocr_page ocr_carea ocr_par ocr_line ocrx_word'/>
</head>
<body>
  <div class='ocr_page' id='page_1' title='image "./epistolaepraepos04jesu_0193.png"; bbox 0 0 2315 3559; ppageno 0'>
   <div class='ocr_carea' id='block_1_1' title="bbox 247 252 1758 317">
    <p class='ocr_par' dir='ltr' id='par_1_1' title="bbox 247 252 1758 317">
     <span class='ocr_line' id='line_1_1' title="bbox 247 252 1758 317; baseline 0.001 -11"><span class='ocrx_word' id='word_1_1' title='bbox 247 269 314 306; x_wconf 88' lang='lat' dir='ltr'>DE</span> <span class='ocrx_word' id='word_1_2' title='bbox 335 267 640 305; x_wconf 77' lang='lat' dir='ltr'><strong>REPETENDA</strong></span> <span class='ocrx_word' id='word_1_3' title='bbox 660 267 732 305; x_wconf 90' lang='lat' dir='ltr'>ss.</span> <span class='ocrx_word' id='word_1_4' title='bbox 752 265 1203 317; x_wconf 77' lang='lat' dir='ltr'>PETR1,10ANN.ET</span> <span class='ocrx_word' id='word_1_5' title='bbox 1217 267 1369 305; x_wconf 71' lang='lat' dir='ltr'>ALPH.</span> <span class='ocrx_word' id='word_1_6' title='bbox 1390 267 1630 306; x_wconf 54' lang='lat' dir='ltr'>immonis.</span> <span class='ocrx_word' id='word_1_7' title='bbox 1667 252 1758 307; x_wconf 74' lang='lat'>181</span> 
     </span>
    </p>
   </div>
   <div class='ocr_carea' id='block_1_2' title="bbox 195 410 1767 3256">
    <p class='ocr_par' dir='ltr' id='par_1_2' title="bbox 207 410 1767 959">
     <span class='ocr_line' id='line_1_2' title="bbox 213 410 1765 478; baseline -0.001 -12"><span class='ocrx_word' id='word_1_8' title='bbox 213 412 397 466; x_wconf 90' lang='lat' dir='ltr'>stituto</span> <span class='ocrx_word' id='word_1_9' title='bbox 453 419 635 465; x_wconf 87' lang='lat' dir='ltr'>nostro</span> <span class='ocrx_word' id='word_1_10' title='bbox 685 410 900 478; x_wconf 87' lang='lat' dir='ltr'>pariunt</span> <span class='ocrx_word' id='word_1_11' title='bbox 944 410 1319 464; x_wconf 86' lang='lat' dir='ltr'>reverentiam.</span> <span class='ocrx_word' id='word_1_12' title='bbox 1376 410 1500 465; x_wconf 89' lang='lat' dir='ltr'>Illae</span> <span class='ocrx_word' id='word_1_13' title='bbox 1544 411 1765 466; x_wconf 78' lang='lat' dir='ltr'>virtutes</span> 
     </span>
     <span class='ocr_line' id='line_1_3' title="bbox 211 508 1766 577; baseline -0.001 -12"><span class='ocrx_word' id='word_1_14' title='bbox 211 519 335 565; x_wconf 92' lang='lat' dir='ltr'>sunt</span> <span class='ocrx_word' id='word_1_15' title='bbox 360 510 553 577; x_wconf 78' lang='lat' dir='ltr'>dignae</span> <span class='ocrx_word' id='word_1_16' title='bbox 586 508 804 563; x_wconf 90' lang='lat' dir='ltr'>nomine</span> <span class='ocrx_word' id='word_1_17' title='bbox 837 517 1039 576; x_wconf 86' lang='lat' dir='ltr'>nostrO,</span> <span class='ocrx_word' id='word_1_18' title='bbox 1069 509 1341 577; x_wconf 76' lang='lat' dir='ltr'>gestisque</span> <span class='ocrx_word' id='word_1_19' title='bbox 1380 509 1576 564; x_wconf 77' lang='lat' dir='ltr'>divinis</span> <span class='ocrx_word' id='word_1_20' title='bbox 1617 510 1766 564; x_wconf 90' lang='lat' dir='ltr'>ducis</span> 
     </span>
     <span class='ocr_line' id='line_1_4' title="bbox 210 607 1766 676; baseline -0.001 -13"><span class='ocrx_word' id='word_1_21' title='bbox 210 627 268 663; x_wconf 86' lang='lat' dir='ltr'>ac</span> <span class='ocrx_word' id='word_1_22' title='bbox 318 608 531 663; x_wconf 86' lang='lat' dir='ltr'>Domini</span> <span class='ocrx_word' id='word_1_23' title='bbox 576 607 746 662; x_wconf 80' lang='lat' dir='ltr'>nostri</span> <span class='ocrx_word' id='word_1_24' title='bbox 796 615 1200 662; x_wconf 78' lang='lat' dir='ltr'>consentaneae.</span> <span class='ocrx_word' id='word_1_25' title='bbox 1242 607 1599 675; x_wconf 81' lang='lat' dir='ltr'>Dignissimus</span> <span class='ocrx_word' id='word_1_26' title='bbox 1644 625 1766 676; x_wconf 89' lang='lat' dir='ltr'>pro-</span> 
     </span>
     <span class='ocr_line' id='line_1_5' title="bbox 209 705 1767 775; baseline -0.001 -13"><span class='ocrx_word' id='word_1_27' title='bbox 209 709 346 762; x_wconf 91' lang='lat' dir='ltr'>fecto</span> <span class='ocrx_word' id='word_1_28' title='bbox 401 706 676 761; x_wconf 87' lang='lat' dir='ltr'>Societatis</span> <span class='ocrx_word' id='word_1_29' title='bbox 722 705 864 760; x_wconf 86' lang='lat' dir='ltr'>filius</span> <span class='ocrx_word' id='word_1_30' title='bbox 914 705 964 760; x_wconf 90' lang='lat' dir='ltr'>S.</span> <span class='ocrx_word' id='word_1_31' title='bbox 1021 706 1225 774; x_wconf 89' lang='lat' dir='ltr'>Petrus,</span> <span class='ocrx_word' id='word_1_32' title='bbox 1279 706 1373 775; x_wconf 90' lang='lat' dir='ltr'>qui</span> <span class='ocrx_word' id='word_1_33' title='bbox 1429 707 1665 761; x_wconf 84' lang='lat' dir='ltr'>caritatis</span> <span class='ocrx_word' id='word_1_34' title='bbox 1716 716 1767 761; x_wconf 92' lang='lat' dir='ltr'>et</span> 
     </span>
     <span class='ocr_line' id='line_1_6' title="bbox 209 805 1767 873; baseline -0.001 -12"><span class='ocrx_word' id='word_1_35' title='bbox 209 806 579 862; x_wconf 86' lang='lat' dir='ltr'>oboedientiae</span> <span class='ocrx_word' id='word_1_36' title='bbox 611 805 858 873; x_wconf 90' lang='lat' dir='ltr'>praebuit</span> <span class='ocrx_word' id='word_1_37' title='bbox 883 807 1205 873; x_wconf 87' lang='lat' dir='ltr'>exemplum,</span> <span class='ocrx_word' id='word_1_38' title='bbox 1231 807 1375 873; x_wconf 90' lang='lat' dir='ltr'>quod</span> <span class='ocrx_word' id='word_1_39' title='bbox 1403 823 1525 861; x_wconf 90' lang='lat' dir='ltr'>cum</span> <span class='ocrx_word' id='word_1_40' title='bbox 1564 806 1767 862; x_wconf 89' lang='lat' dir='ltr'>Consti-</span> 
     </span>
     <span class='ocr_line' id='line_1_7' title="bbox 207 903 1347 959; baseline 0 0"><span class='ocrx_word' id='word_1_41' title='bbox 207 905 503 959; x_wconf 88' lang='lat' dir='ltr'>tutionibus</span> <span class='ocrx_word' id='word_1_42' title='bbox 554 904 723 959; x_wconf 86' lang='lat' dir='ltr'>nostri</span> <span class='ocrx_word' id='word_1_43' title='bbox 768 903 996 958; x_wconf 80' lang='lat' dir='ltr'>mirifice</span> <span class='ocrx_word' id='word_1_44' title='bbox 1040 905 1347 959; x_wconf 83' lang='lat' dir='ltr'>concordat.</span> 
     </span>
    </p>

    <p class='ocr_par' dir='ltr' id='par_1_3' title="bbox 203 1004 1764 1556">
     <span class='ocr_line' id='line_1_8' title="bbox 273 1004 1764 1073; baseline 0.001 -14"><span class='ocrx_word' id='word_1_45' title='bbox 273 1005 356 1059; x_wconf 80' lang='lat'>17.</span> <span class='ocrx_word' id='word_1_46' title='bbox 411 1004 460 1059; x_wconf 98' lang='lat' dir='ltr'>S.</span> <span class='ocrx_word' id='word_1_47' title='bbox 511 1004 750 1059; x_wconf 87' lang='lat' dir='ltr'>Parentis</span> <span class='ocrx_word' id='word_1_48' title='bbox 790 1004 934 1058; x_wconf 93' lang='lat' dir='ltr'>enim</span> <span class='ocrx_word' id='word_1_49' title='bbox 973 1012 1320 1073; x_wconf 81' lang='lat' dir='ltr'>praeceptum</span> <span class='ocrx_word' id='word_1_50' title='bbox 1365 1013 1461 1071; x_wconf 79' lang='lat' dir='ltr'>est,</span> <span class='ocrx_word' id='word_1_51' title='bbox 1510 1012 1570 1060; x_wconf 78' lang='lat' dir='ltr'>ut</span> <span class='ocrx_word' id='word_1_52' title='bbox 1612 1025 1764 1061; x_wconf 77' lang='lat' dir='ltr'>amor</span> 
     </span>
     <span class='ocr_line' id='line_1_9' title="bbox 205 1104 1758 1173; baseline 0 -14"><span class='ocrx_word' id='word_1_53' title='bbox 205 1112 254 1160; x_wconf 95' lang='lat' dir='ltr'>et</span> <span class='ocrx_word' id='word_1_54' title='bbox 289 1106 488 1159; x_wconf 74' lang='lat' dir='ltr'>caritas</span> <span class='ocrx_word' id='word_1_55' title='bbox 525 1105 835 1158; x_wconf 75' lang='lat' dir='ltr'>omnium...</span> <span class='ocrx_word' id='word_1_56' title='bbox 889 1122 1016 1173; x_wconf 64' lang='lat' dir='ltr'>erga</span> <span class='ocrx_word' id='word_1_57' title='bbox 1052 1104 1363 1160; x_wconf 77' lang='lat' dir='ltr'>Societatem</span> <span class='ocrx_word' id='word_1_58' title='bbox 1409 1113 1758 1172; x_wconf 73' lang='lat' dir='ltr'>conservetur,</span> 
     </span>
     <span class='ocr_line' id='line_1_10' title="bbox 205 1204 1763 1273; baseline 0.001 -15"><span class='ocrx_word' id='word_1_59' title='bbox 205 1222 388 1259; x_wconf 80' lang='lat' dir='ltr'>eorum</span> <span class='ocrx_word' id='word_1_60' title='bbox 450 1204 791 1271; x_wconf 76' lang='lat' dir='ltr'>praesertim,</span> <span class='ocrx_word' id='word_1_61' title='bbox 863 1223 1091 1273; x_wconf 77' lang='lat' dir='ltr'>qnorum</span> <span class='ocrx_word' id='word_1_62' title='bbox 1158 1206 1466 1259; x_wconf 74' lang='lat' dir='ltr'>volun-tas...</span> <span class='ocrx_word' id='word_1_63' title='bbox 1525 1207 1763 1260; x_wconf 78' lang='lat' dir='ltr'>muttum</span> 
     </span>
     <span class='ocr_line' id='line_1_11' title="bbox 206 1303 1763 1374; baseline 0.002 -18"><span class='ocrx_word' id='word_1_64' title='bbox 206 1303 362 1357; x_wconf 76' lang='lat' dir='ltr'>habet</span> <span class='ocrx_word' id='word_1_65' title='bbox 397 1303 672 1367; x_wconf 77' lang='lat' dir='ltr'>momenti,</span> <span class='ocrx_word' id='word_1_66' title='bbox 714 1309 775 1356; x_wconf 78' lang='lat' dir='ltr'>ut</span> <span class='ocrx_word' id='word_1_67' title='bbox 811 1303 993 1357; x_wconf 76' lang='lat' dir='ltr'>aditus</span> <span class='ocrx_word' id='word_1_68' title='bbox 1036 1305 1105 1357; x_wconf 80' lang='lat' dir='ltr'>dd</span> <span class='ocrx_word' id='word_1_69' title='bbox 1141 1303 1409 1358; x_wconf 78' lang='lat' dir='ltr'>Divinum</span> <span class='ocrx_word' id='word_1_70' title='bbox 1451 1305 1763 1374; x_wconf 76' lang='lat' dir='ltr'>obsequium</span> 
     </span>
     <span class='ocr_line' id='line_1_12' title="bbox 203 1403 1762 1472; baseline 0.001 -15"><span class='ocrx_word' id='word_1_71' title='bbox 203 1409 253 1457; x_wconf 93' lang='lat' dir='ltr'>et</span> <span class='ocrx_word' id='word_1_72' title='bbox 304 1403 624 1457; x_wconf 76' lang='lat' dir='ltr'>animarum</span> <span class='ocrx_word' id='word_1_73' title='bbox 685 1403 966 1457; x_wconf 70' lang='lat' dir='ltr'>anoeilium</span> <span class='ocrx_word' id='word_1_74' title='bbox 1033 1404 1316 1471; x_wconf 75' lang='lat' dir='ltr'>aperiatur</span> <span class='ocrx_word' id='word_1_75' title='bbox 1376 1406 1458 1459; x_wconf 71' lang='lat' dir='ltr'>vet</span> <span class='ocrx_word' id='word_1_76' title='bbox 1520 1406 1762 1472; x_wconf 77' lang='lat' dir='ltr'>praeclu-</span> 
     </span>
     <span class='ocr_line' id='line_1_13' title="bbox 203 1503 383 1556; baseline 0.006 -1"><span class='ocrx_word' id='word_1_77' title='bbox 203 1503 383 1556; x_wconf 77' lang='lat' dir='ltr'>datur.</span> 
     </span>
    </p>

    <p class='ocr_par' dir='ltr' id='par_1_4' title="bbox 195 1602 1763 2365">
     <span class='ocr_line' id='line_1_14' title="bbox 272 1602 1763 1673; baseline 0.002 -17"><span class='ocrx_word' id='word_1_78' title='bbox 272 1602 335 1656; x_wconf 86' lang='lat' dir='ltr'>Et</span> <span class='ocrx_word' id='word_1_79' title='bbox 389 1603 606 1669; x_wconf 84' lang='lat' dir='ltr'>regulae</span> <span class='ocrx_word' id='word_1_80' title='bbox 650 1610 861 1657; x_wconf 85' lang='lat' dir='ltr'>nostros</span> <span class='ocrx_word' id='word_1_81' title='bbox 916 1603 1226 1671; x_wconf 83' lang='lat' dir='ltr'>admonent,</span> <span class='ocrx_word' id='word_1_82' title='bbox 1268 1612 1328 1658; x_wconf 93' lang='lat' dir='ltr'>ut</span> <span class='ocrx_word' id='word_1_83' title='bbox 1370 1622 1491 1658; x_wconf 77' lang='lat' dir='ltr'>cnm</span> <span class='ocrx_word' id='word_1_84' title='bbox 1530 1605 1763 1673; x_wconf 64' lang='lat' dir='ltr'>ingressi</span> 
     </span>
     <span class='ocr_line' id='line_1_15' title="bbox 203 1702 1757 1772; baseline 0.003 -17"><span class='ocrx_word' id='word_1_85' title='bbox 203 1702 412 1770; x_wconf 81' lang='lat' dir='ltr'>fuerint</span> <span class='ocrx_word' id='word_1_86' title='bbox 467 1703 573 1756; x_wconf 78' lang='lat' dir='ltr'>loca</span> <span class='ocrx_word' id='word_1_87' title='bbox 634 1720 713 1768; x_wconf 81' lang='lat' dir='ltr'>ea,</span> <span class='ocrx_word' id='word_1_88' title='bbox 781 1703 840 1757; x_wconf 92' lang='lat' dir='ltr'>in</span> <span class='ocrx_word' id='word_1_89' title='bbox 901 1703 1096 1772; x_wconf 78' lang='lat' dir='ltr'>quibus</span> <span class='ocrx_word' id='word_1_90' title='bbox 1157 1702 1451 1759; x_wconf 79' lang='lat' dir='ltr'>Ordindrii</span> <span class='ocrx_word' id='word_1_91' title='bbox 1505 1705 1757 1772; x_wconf 74' lang='lat' dir='ltr'>resident,</span> 
     </span>
     <span class='ocr_line' id='line_1_16' title="bbox 202 1802 1761 1872; baseline 0.003 -18"><span class='ocrx_word' id='word_1_92' title='bbox 202 1818 284 1855; x_wconf 87' lang='lat' dir='ltr'>eos</span> <span class='ocrx_word' id='word_1_93' title='bbox 326 1819 490 1870; x_wconf 76' lang='lat' dir='ltr'>qnam</span> <span class='ocrx_word' id='word_1_94' title='bbox 521 1802 771 1868; x_wconf 80' lang='lat' dir='ltr'>primum</span> <span class='ocrx_word' id='word_1_95' title='bbox 828 1804 1039 1869; x_wconf 76' lang='lat' dir='ltr'>adeant,</span> <span class='ocrx_word' id='word_1_96' title='bbox 1086 1821 1347 1872; x_wconf 74' lang='lat' dir='ltr'>suamque</span> <span class='ocrx_word' id='word_1_97' title='bbox 1383 1821 1601 1870; x_wconf 76' lang='lat' dir='ltr'>operam</span> <span class='ocrx_word' id='word_1_98' title='bbox 1645 1805 1761 1859; x_wconf 82' lang='lat' dir='ltr'>iltis</span> 
     </span>
     <span class='ocr_line' id='line_1_17' title="bbox 201 1901 1755 1971; baseline 0.003 -18"><span class='ocrx_word' id='word_1_99' title='bbox 201 1901 464 1955; x_wconf 75' lang='lat' dir='ltr'>submisse</span> <span class='ocrx_word' id='word_1_100' title='bbox 542 1902 826 1971; x_wconf 78' lang='lat' dir='ltr'>offerant...</span> <span class='ocrx_word' id='word_1_101' title='bbox 904 1909 964 1956; x_wconf 77' lang='lat' dir='ltr'>nt</span> <span class='ocrx_word' id='word_1_102' title='bbox 1040 1921 1283 1957; x_wconf 86' lang='lat' dir='ltr'>omnes...</span> <span class='ocrx_word' id='word_1_103' title='bbox 1366 1904 1755 1964; x_wconf 75' lang='lat' dir='ltr'>ecclesiasticos,</span> 
     </span>
     <span class='ocr_line' id='line_1_18' title="bbox 195 1999 1760 2069; baseline 0.003 -17"><span class='ocrx_word' id='word_1_104' title='bbox 195 1999 486 2066; x_wconf 76' lang='lat' dir='ltr'>praecipue</span> <span class='ocrx_word' id='word_1_105' title='bbox 539 1999 860 2066; x_wconf 64' lang='lat' dir='ltr'>parochos..</span> <span class='ocrx_word' id='word_1_106' title='bbox 926 2001 1193 2055; x_wconf 75' lang='lat' dir='ltr'>benevolos</span> <span class='ocrx_word' id='word_1_107' title='bbox 1250 2002 1361 2055; x_wconf 83' lang='lat' dir='ltr'>sibi</span> <span class='ocrx_word' id='word_1_108' title='bbox 1420 2002 1591 2069; x_wconf 75' lang='lat' dir='ltr'>facere</span> <span class='ocrx_word' id='word_1_109' title='bbox 1650 2009 1760 2056; x_wconf 77' lang='lat' dir='ltr'>stu-</span> 
     </span>
     <span class='ocr_line' id='line_1_19' title="bbox 199 2098 1758 2166; baseline 0.002 -15"><span class='ocrx_word' id='word_1_110' title='bbox 199 2098 376 2163; x_wconf 79' lang='lat' dir='ltr'>deant,</span> <span class='ocrx_word' id='word_1_111' title='bbox 429 2103 490 2150; x_wconf 82' lang='lat' dir='ltr'>ut</span> <span class='ocrx_word' id='word_1_112' title='bbox 543 2104 777 2163; x_wconf 78' lang='lat' dir='ltr'>caveant,</span> <span class='ocrx_word' id='word_1_113' title='bbox 837 2116 902 2152; x_wconf 93' lang='lat' dir='ltr'>ne</span> <span class='ocrx_word' id='word_1_114' title='bbox 968 2099 1246 2166; x_wconf 63' lang='lat' dir='ltr'>religiosos</span> <span class='ocrx_word' id='word_1_115' title='bbox 1301 2100 1538 2153; x_wconf 74' lang='lat' dir='ltr'>aliorum</span> <span class='ocrx_word' id='word_1_116' title='bbox 1598 2099 1758 2156; x_wconf 87' lang='lat' dir='ltr'>Ordi-</span> 
     </span>
     <span class='ocr_line' id='line_1_20' title="bbox 201 2198 1756 2265; baseline 0.003 -16"><span class='ocrx_word' id='word_1_117' title='bbox 201 2213 352 2263; x_wconf 77' lang='lat' dir='ltr'>num,</span> <span class='ocrx_word' id='word_1_118' title='bbox 405 2215 532 2265; x_wconf 77' lang='lat' dir='ltr'>qnos</span> <span class='ocrx_word' id='word_1_119' title='bbox 585 2198 818 2252; x_wconf 77' lang='lat' dir='ltr'>revereri</span> <span class='ocrx_word' id='word_1_120' title='bbox 877 2205 926 2252; x_wconf 92' lang='lat' dir='ltr'>et</span> <span class='ocrx_word' id='word_1_121' title='bbox 983 2199 1258 2253; x_wconf 78' lang='lat' dir='ltr'>observare</span> <span class='ocrx_word' id='word_1_122' title='bbox 1318 2199 1521 2265; x_wconf 82' lang='lat' dir='ltr'>debent,</span> <span class='ocrx_word' id='word_1_123' title='bbox 1589 2200 1756 2254; x_wconf 73' lang='lat' dir='ltr'>etiam</span> 
     </span>
     <span class='ocr_line' id='line_1_21' title="bbox 200 2296 1123 2365; baseline 0.003 -16"><span class='ocrx_word' id='word_1_124' title='bbox 200 2296 355 2350; x_wconf 78' lang='lat' dir='ltr'>tacite</span> <span class='ocrx_word' id='word_1_125' title='bbox 397 2297 686 2351; x_wconf 78' lang='lat' dir='ltr'>videantur</span> <span class='ocrx_word' id='word_1_126' title='bbox 723 2298 1123 2365; x_wconf 73' lang='lat' dir='ltr'>reprehendere.</span> 
     </span>
    </p>

    <p class='ocr_par' dir='ltr' id='par_1_5' title="bbox 195 2395 1756 2860">
     <span class='ocr_line' id='line_1_22' title="bbox 267 2395 1756 2467; baseline 0.003 -17"><span class='ocrx_word' id='word_1_127' title='bbox 267 2395 339 2450; x_wconf 81' lang='lat' dir='ltr'>Ex</span> <span class='ocrx_word' id='word_1_128' title='bbox 377 2396 638 2451; x_wconf 84' lang='lat' dir='ltr'>sententia</span> <span class='ocrx_word' id='word_1_129' title='bbox 676 2396 726 2451; x_wconf 88' lang='lat' dir='ltr'>S.</span> <span class='ocrx_word' id='word_1_130' title='bbox 769 2397 963 2464; x_wconf 90' lang='lat' dir='ltr'>Ignatii</span> <span class='ocrx_word' id='word_1_131' title='bbox 999 2398 1166 2452; x_wconf 76' lang='lat' dir='ltr'>etiam</span> <span class='ocrx_word' id='word_1_132' title='bbox 1201 2400 1508 2454; x_wconf 78' lang='lat' dir='ltr'>moderatus</span> <span class='ocrx_word' id='word_1_133' title='bbox 1543 2406 1591 2454; x_wconf 89' lang='lat' dir='ltr'>et</span> <span class='ocrx_word' id='word_1_134' title='bbox 1620 2418 1756 2467; x_wconf 77' lang='lat' dir='ltr'>pru-</span> 
     </span>
     <span class='ocr_line' id='line_1_23' title="bbox 197 2496 1755 2565; baseline 0.002 -15"><span class='ocrx_word' id='word_1_135' title='bbox 197 2497 325 2550; x_wconf 84' lang='lat' dir='ltr'>dens</span> <span class='ocrx_word' id='word_1_136' title='bbox 384 2513 513 2549; x_wconf 78' lang='lat' dir='ltr'>usus</span> <span class='ocrx_word' id='word_1_137' title='bbox 571 2496 883 2564; x_wconf 71' lang='lat' dir='ltr'>qratiarum</span> <span class='ocrx_word' id='word_1_138' title='bbox 931 2515 965 2550; x_wconf 81' lang='grc' dir='ltr'><em>α</em></span> <span class='ocrx_word' id='word_1_139' title='bbox 1012 2496 1145 2552; x_wconf 88' lang='lat' dir='ltr'>Sede</span> <span class='ocrx_word' id='word_1_140' title='bbox 1201 2497 1505 2565; x_wconf 82' lang='lat' dir='ltr'>Apostotied</span> <span class='ocrx_word' id='word_1_141' title='bbox 1558 2516 1755 2553; x_wconf 81' lang='lat' dir='ltr'>conces-</span> 
     </span>
     <span class='ocr_line' id='line_1_24' title="bbox 195 2595 1752 2665; baseline 0.001 -15"><span class='ocrx_word' id='word_1_142' title='bbox 195 2613 385 2650; x_wconf 77' lang='lat' dir='ltr'>sarum</span> <span class='ocrx_word' id='word_1_143' title='bbox 435 2612 548 2649; x_wconf 88' lang='lat' dir='ltr'>esse</span> <span class='ocrx_word' id='word_1_144' title='bbox 598 2595 772 2649; x_wconf 89' lang='lat' dir='ltr'>debet.</span> <span class='ocrx_word' id='word_1_145' title='bbox 828 2595 1045 2650; x_wconf 87' lang='lat' dir='ltr'>Constat</span> <span class='ocrx_word' id='word_1_146' title='bbox 1099 2595 1262 2664; x_wconf 83' lang='lat' dir='ltr'>enim,</span> <span class='ocrx_word' id='word_1_147' title='bbox 1316 2604 1535 2665; x_wconf 92' lang='lat' dir='ltr'>propter</span> <span class='ocrx_word' id='word_1_148' title='bbox 1598 2615 1752 2651; x_wconf 90' lang='lat' dir='ltr'>usum</span> 
     </span>
     <span class='ocr_line' id='line_1_25' title="bbox 196 2693 1754 2763; baseline 0.002 -16"><span class='ocrx_word' id='word_1_149' title='bbox 196 2693 619 2762; x_wconf 78' lang='lat' dir='ltr'>frequentiorem</span> <span class='ocrx_word' id='word_1_150' title='bbox 665 2695 746 2747; x_wconf 81' lang='lat' dir='ltr'>vel</span> <span class='ocrx_word' id='word_1_151' title='bbox 790 2693 1099 2749; x_wconf 85' lang='lat' dir='ltr'>iactantiam</span> <span class='ocrx_word' id='word_1_152' title='bbox 1151 2695 1216 2749; x_wconf 94' lang='lat' dir='ltr'>de</span> <span class='ocrx_word' id='word_1_153' title='bbox 1270 2694 1568 2763; x_wconf 86' lang='lat' dir='ltr'>privilegiis</span> <span class='ocrx_word' id='word_1_154' title='bbox 1619 2696 1754 2750; x_wconf 88' lang='lat' dir='ltr'>invi-</span> 
     </span>
     <span class='ocr_line' id='line_1_26' title="bbox 196 2793 1480 2860; baseline 0.001 -13"><span class='ocrx_word' id='word_1_155' title='bbox 196 2793 341 2847; x_wconf 89' lang='lat' dir='ltr'>diam</span> <span class='ocrx_word' id='word_1_156' title='bbox 391 2810 487 2847; x_wconf 89' lang='lat' dir='ltr'>nos</span> <span class='ocrx_word' id='word_1_157' title='bbox 537 2793 619 2847; x_wconf 80' lang='lat' dir='ltr'>vel</span> <span class='ocrx_word' id='word_1_158' title='bbox 663 2793 1138 2860; x_wconf 86' lang='lat' dir='ltr'>reprehensionem</span> <span class='ocrx_word' id='word_1_159' title='bbox 1188 2794 1480 2849; x_wconf 90' lang='lat' dir='ltr'>incurrere.</span> 
     </span>
    </p>

    <p class='ocr_par' dir='ltr' id='par_1_6' title="bbox 195 2889 1753 3144">
     <span class='ocr_line' id='line_1_27' title="bbox 262 2889 1751 2959; baseline 0.001 -14"><span class='ocrx_word' id='word_1_160' title='bbox 262 2889 345 2946; x_wconf 82' lang='lat'>18.</span> <span class='ocrx_word' id='word_1_161' title='bbox 398 2891 470 2946; x_wconf 92' lang='lat' dir='ltr'>De</span> <span class='ocrx_word' id='word_1_162' title='bbox 514 2891 815 2945; x_wconf 85' lang='lat' dir='ltr'>reverentia</span> <span class='ocrx_word' id='word_1_163' title='bbox 858 2892 1194 2959; x_wconf 89' lang='lat' dir='ltr'>praesidibus</span> <span class='ocrx_word' id='word_1_164' title='bbox 1239 2893 1537 2949; x_wconf 82' lang='lat' dir='ltr'>exhibenda</span> <span class='ocrx_word' id='word_1_165' title='bbox 1584 2894 1751 2947; x_wconf 88' lang='lat' dir='ltr'>multa</span> 
     </span>
     <span class='ocr_line' id='line_1_28' title="bbox 195 2990 1753 3060; baseline 0.002 -17"><span class='ocrx_word' id='word_1_166' title='bbox 195 2990 463 3058; x_wconf 87' lang='lat' dir='ltr'>sapienter</span> <span class='ocrx_word' id='word_1_167' title='bbox 511 3007 681 3058; x_wconf 87' lang='lat' dir='ltr'>aeque</span> <span class='ocrx_word' id='word_1_168' title='bbox 729 3007 788 3044; x_wconf 86' lang='lat' dir='ltr'>ac</span> <span class='ocrx_word' id='word_1_169' title='bbox 848 2990 1086 3057; x_wconf 84' lang='lat' dir='ltr'>graviter</span> <span class='ocrx_word' id='word_1_170' title='bbox 1146 2991 1359 3060; x_wconf 83' lang='lat' dir='ltr'>scripsit</span> <span class='ocrx_word' id='word_1_171' title='bbox 1407 2991 1457 3047; x_wconf 89' lang='lat' dir='ltr'>S.</span> <span class='ocrx_word' id='word_1_172' title='bbox 1513 2991 1753 3046; x_wconf 89' lang='lat' dir='ltr'>Francis-</span> 
     </span>
     <span class='ocr_line' id='line_1_29' title="bbox 195 3090 610 3144; baseline 0.002 -1"><span class='ocrx_word' id='word_1_173' title='bbox 195 3107 286 3143; x_wconf 86' lang='lat' dir='ltr'>cus</span> <span class='ocrx_word' id='word_1_174' title='bbox 334 3090 610 3144; x_wconf 83' lang='lat' dir='ltr'>Xaverius.</span> 
     </span>
    </p>

    <p class='ocr_par' dir='ltr' id='par_1_7' title="bbox 263 3187 1750 3256">
     <span class='ocr_line' id='line_1_30' title="bbox 263 3187 1750 3256; baseline 0.001 -14"><span class='ocrx_word' id='word_1_175' title='bbox 263 3188 326 3243; x_wconf 88' lang='lat' dir='ltr'>Et</span> <span class='ocrx_word' id='word_1_176' title='bbox 363 3189 616 3245; x_wconf 82' lang='lat' dir='ltr'>Ioannem</span> <span class='ocrx_word' id='word_1_177' title='bbox 656 3187 979 3244; x_wconf 88' lang='lat' dir='ltr'>Rodericum</span> <span class='ocrx_word' id='word_1_178' title='bbox 1019 3188 1239 3256; x_wconf 86' lang='lat' dir='ltr'>quidem</span> <span class='ocrx_word' id='word_1_179' title='bbox 1267 3189 1406 3245; x_wconf 90' lang='lat' dir='ltr'>serio</span> <span class='ocrx_word' id='word_1_180' title='bbox 1443 3191 1508 3244; x_wconf 82' lang='lat' dir='ltr'>ad</span> <span class='ocrx_word' id='word_1_181' title='bbox 1547 3189 1750 3245; x_wconf 87' lang='lat' dir='ltr'>obtem-</span> 
     </span>
    </p>
   </div>
   <div class='ocr_carea' id='block_1_3' title="bbox 1846 1022 2097 1173">
    <p class='ocr_par' dir='ltr' id='par_1_8' title="bbox 1846 1022 2097 1173">
     <span class='ocr_line' id='line_1_31' title="bbox 1846 1022 2097 1071; baseline 0.004 -20"><span class='ocrx_word' id='word_1_182' title='bbox 1846 1022 2097 1071; x_wconf 80' lang='lat' dir='ltr'>congruens</span> 
     </span>
     <span class='ocr_line' id='line_1_32' title="bbox 1902 1071 2035 1108; baseline 0.008 -2"><span class='ocrx_word' id='word_1_183' title='bbox 1902 1071 2035 1108; x_wconf 81' lang='lat' dir='ltr'>mentl</span> 
     </span>
     <span class='ocr_line' id='line_1_33' title="bbox 1853 1118 2084 1173; baseline -0.004 -11"><span class='ocrx_word' id='word_1_184' title='bbox 1853 1118 1892 1162; x_wconf 84' lang='lat' dir='ltr'>S.</span> <span class='ocrx_word' id='word_1_185' title='bbox 1915 1119 2084 1173; x_wconf 84' lang='lat' dir='ltr'>Ignatii,</span> 
     </span>
    </p>
   </div>
   <div class='ocr_carea' id='block_1_4' title="bbox 1840 1502 2097 1576">
    <p class='ocr_par' dir='ltr' id='par_1_9' title="bbox 1840 1502 2097 1576">
     <span class='ocr_line' id='line_1_34' title="bbox 1840 1502 2097 1543; baseline 0.004 -9"><span class='ocrx_word' id='word_1_186' title='bbox 1840 1503 1973 1534; x_wconf 88' lang='lat' dir='ltr'>Const.</span> <span class='ocrx_word' id='word_1_187' title='bbox 1991 1511 2028 1543; x_wconf 93' lang='lat' dir='ltr'>p.</span> <span class='ocrx_word' id='word_1_188' title='bbox 2046 1502 2097 1535; x_wconf 89' lang='grc'>10.</span> 
     </span>
     <span class='ocr_line' id='line_1_35' title="bbox 1918 1545 2024 1576; baseline 0 0"><span class='ocrx_word' id='word_1_189' title='bbox 1918 1552 1958 1576; x_wconf 90' lang='lat' dir='ltr'>n.</span> <span class='ocrx_word' id='word_1_190' title='bbox 1973 1545 2024 1576; x_wconf 88' lang='lat'>11.</span> 
     </span>
    </p>
   </div>
   <div class='ocr_carea' id='block_1_5' title="bbox 1831 2108 2107 2148">
    <p class='ocr_par' dir='ltr' id='par_1_10' title="bbox 1831 2108 2107 2148">
     <span class='ocr_line' id='line_1_36' title="bbox 1831 2108 2107 2148; baseline 0.004 -9"><span class='ocrx_word' id='word_1_191' title='bbox 1831 2108 1930 2148; x_wconf 80' lang='lat' dir='ltr'>Reg.</span> <span class='ocrx_word' id='word_1_192' title='bbox 1948 2108 2062 2141; x_wconf 86' lang='lat' dir='ltr'>miss.</span> <span class='ocrx_word' id='word_1_193' title='bbox 2076 2109 2107 2140; x_wconf 91' lang='lat'>7.</span> 
     </span>
    </p>
   </div>
   <div class='ocr_carea' id='block_1_6' title="bbox 1834 2299 2101 2372">
    <p class='ocr_par' dir='ltr' id='par_1_11' title="bbox 1834 2299 2101 2372">
     <span class='ocr_line' id='line_1_37' title="bbox 1834 2299 2101 2372; baseline 0.004 -42"><span class='ocrx_word' id='word_1_194' title='bbox 1834 2299 2101 2372; x_wconf 45' lang='lat' dir='ltr'>Reghtt301n3tio-</span> 
     </span>
    </p>
   </div>
   <div class='ocr_carea' id='block_1_7' title="bbox 1831 2599 2088 2673">
    <p class='ocr_par' dir='ltr' id='par_1_12' title="bbox 1831 2599 2088 2673">
     <span class='ocr_line' id='line_1_38' title="bbox 1831 2599 2088 2640; baseline 0.008 -9"><span class='ocrx_word' id='word_1_195' title='bbox 1831 2599 1964 2631; x_wconf 85' lang='lat' dir='ltr'>Const.</span> <span class='ocrx_word' id='word_1_196' title='bbox 1982 2608 2020 2640; x_wconf 91' lang='lat' dir='ltr'>p.</span> <span class='ocrx_word' id='word_1_197' title='bbox 2038 2601 2088 2633; x_wconf 90' lang='lat'>10.</span> 
     </span>
     <span class='ocr_line' id='line_1_39' title="bbox 1906 2641 2013 2673; baseline 0.009 -1"><span class='ocrx_word' id='word_1_198' title='bbox 1906 2649 1946 2672; x_wconf 89' lang='lat' dir='ltr'>n.</span> <span class='ocrx_word' id='word_1_199' title='bbox 1963 2641 2013 2673; x_wconf 80' lang='lat'>12.</span> 
     </span>
    </p>
   </div>
   <div class='ocr_carea' id='block_1_8' title="bbox 1814 2899 2101 3006">
    <p class='ocr_par' dir='ltr' id='par_1_13' title="bbox 1814 2899 2101 3006">
     <span class='ocr_line' id='line_1_40' title="bbox 1814 2899 2101 2944; baseline 0.003 -1"><span class='ocrx_word' id='word_1_200' title='bbox 1814 2899 1854 2944; x_wconf 87' lang='lat' dir='ltr'>S.</span> <span class='ocrx_word' id='word_1_201' title='bbox 1880 2899 2101 2944; x_wconf 81' lang='lat' dir='ltr'>Francisci</span> 
     </span>
     <span class='ocr_line' id='line_1_41' title="bbox 1864 2954 2050 3006; baseline 0.011 -9"><span class='ocrx_word' id='word_1_202' title='bbox 1864 2954 2050 3006; x_wconf 73' lang='lat' dir='ltr'>Xaverfi,</span> 
     </span>
    </p>
   </div>
  </div>
 </body>
</html>
