2315 3559
178 2770 222 2814 in
242 2772 451 2826 Hispania

165 2832 210 2869 et
226 2827 463 2882 Lusitania,

539 225 606 279 14·
756 244 1007 281 EPISTOLA
1048 246 1095 282 R.
1140 246 1186 283 P.
1228 246 1444 284 ANTONII
1485 247 1541 283 M.
1584 246 1892 284 ANDERLEDY

608 388 848 442 Romana
892 390 1166 443 Nobilium
1212 390 1474 445 Sodalitas
1520 399 1732 458 praeter
1781 391 1995 459 pietatis
2046 392 2101 446 in

540 486 706 539 Deum
746 488 1150 542 exercitationes
1186 490 1285 542 hoc
1314 489 1415 543 sibi
1443 490 1724 557 proprium
1753 497 1804 543 et
1830 490 2100 557 peculiare

539 586 784 652 sumpsit,
833 595 891 639 ut
934 587 1133 640 civium
1185 588 1429 655 discidia,
1484 606 1680 655 magno
1725 589 2001 655 religionis
2051 597 2105 644 et

535 683 768 738 civitatis
791 688 1156 740 emolumento
1177 697 1541 755 componeret.
1570 689 1807 753 (luvenc.
1827 688 1961 742 Hist.
1988 688 2037 742 S.
2057 689 2097 742 Ι.

538 801 587 850 p.
619 785 677 837 V.
710 786 742 837 l.
773 785 856 838 lo.
889 804 940 838 n.
977 785 1090 852 32.)
1128 787 1252 839 Eius
1290 804 1507 854 quoque
1541 787 1806 841 industria
1833 788 2098 855 licentiae,

535 884 621 937 cui
660 886 889 952 populus
928 885 1209 951 indulgere
1248 888 1382 939 solet
1420 887 1618 953 triduo,
1667 888 1811 954 quod
1858 895 1935 941 est
1979 896 2102 941 ante

536 984 984 1050 quadragesimae
1035 984 1317 1051 ieiunium,
1373 987 1551 1039 l'renos
1607 986 1789 1039 iniecit
1839 987 2098 1040 horarum

536 1083 896 1150 quadraginta
916 1084 1366 1151 ‹tromprecationQ
1392 1103 1530 1152 qnae
1557 1094 1770 1153 peracta
1798 1094 1877 1139 est
1903 1103 2100 1152 magno

535 1189 814 1248 apparatu,
863 1183 1148 1249 splendore
1193 1201 1251 1236 ac
1297 1184 1716 1249 magnilicei'itia.
1771 1184 1889 1238 Suis
1935 1184 2097 1238 etiam

533 1281 808 1334 Nobilium
846 1289 1028 1334 coetus
1073 1282 1287 1334 famulis
1325 1283 1593 1336 consuluit
1632 1302 1690 1337 ac
1736 1283 1991 1350 providit,
2040 1292 2098 1337 ut

534 1378 696 1431 etiam
735 1379 790 1432 hi
829 1379 880 1432 in
920 1388 1245 1433 conventum
1290 1381 1458 1434 coacti
1497 1381 1730 1448 propriis
1766 1382 2099 1435 exercitatio-

533 1478 690 1531 nibus
741 1480 1125 1532 excolerentur.
1175 1480 1490 1547 Exemplum
1542 1481 1608 1534 ab
1658 1482 1757 1535 bac
1807 1481 2098 1535 Sodalitate

532 1577 667 1631 aliae
706 1578 993 1645 petierunt,
1037 1597 1176 1646 quae
1213 1579 1416 1633 Romae
1455 1580 1506 1633 in
1548 1581 1721 1634 lucem
1761 1581 1936 1635 editae
1975 1589 2098 1634 sunt

532 1694 638 1730 non
667 1678 927 1732 mediocri
959 1679 1376 1747 aegrotantium,
1419 1680 1615 1747 quibus
1656 1681 1709 1733 in
1748 1680 2093 1747 nosocomiiS,

532 1785 583 1831 et
622 1778 945 1845 vinctorum,
988 1779 1184 1846 quibus
1224 1779 1278 1832 in
1315 1781 1619 1834 carceribus
1652 1799 1836 1835 curam
1876 1781 2099 1835 adhibe-

530 1877 676 1944 bant,
710 1879 948 1931 lomento
976 1886 1137 1945 atque
1165 1879 1379 1933 solacio.

599 1976 805 2044 Hispali
846 1976 933 2044 pia
971 1995 998 2030 e
1038 1977 1138 2031 fori
1177 1978 1511 2046 principibus
1561 1980 1822 2033 Sodalitas
1867 1982 2096 2034 conflata

529 2093 669 2129 anno
707 2076 859 2130 1608.
904 2077 1043 2130 Haec
1083 2085 1263 2131 autem
1302 2077 1356 2131 id
1395 2086 1636 2132 assecuta
1675 2087 1771 2144 est,
1811 2088 1886 2146 ut,
1929 2081 2095 2133 tutela

528 2175 815 2243 aequitatis
855 2178 1031 2243 palam
1071 2185 1395 2245 strenueque
1433 2186 1696 2246 suscepta,
1742 2178 1824 2232 ius
1864 2179 2094 2247 quisque

528 2293 685 2328 sunm
714 2275 998 2329 obtineret.
1032 2277 1265 2337 (luvenc.
1297 2278 1330 2330 l.
1362 2295 1406 2330 c.
1437 2276 1549 2343 342.)

595 2375 818 2442 Neapoli
856 2375 997 2429 circa
1035 2394 1082 2429 a.
1124 2375 1260 2430 ’1610
1297 2376 1588 2444 piscatores
1616 2377 1998 2444 (piadringenti
2037 2378 2093 2431 in

525 2482 738 2528 coetum
778 2475 985 2529 collecti
1025 2474 1244 2543 optimis
1283 2475 1356 2529 ita
1394 2477 1635 2529 moribus
1675 2477 2002 2544 enituerunt,
2034 2485 2091 2530 nt

525 2573 667 2627 cives
713 2573 767 2627 in
811 2574 1227 2628 admirationem
1278 2583 1612 2643 raperentur.
1664 2576 1901 2641 (luvenC.
1955 2578 1988 2630 l.
2041 2595 2086 2630 c.

526 2691 578 2725 n.
608 2671 721 2739 33.)

595 2772 857 2826 Granatae
877 2781 1059 2827 coetus
1081 2773 1348 2827 Marianus
1376 2776 1584 2829 sodales
1615 2783 1876 2830 trecentos
1904 2793 2092 2830 nume-

526 2872 696 2939 rabat,
727 2873 840 2940 qui,
876 2890 999 2926 cum
1044 2890 1264 2941 operam
1309 2875 1498 2928 darent
1535 2875 1898 2941 xenodochiiS,
1929 2876 2091 2929 collo-

525 2972 708 3025 candis
730 2973 952 3026 honeste
979 2973 1274 3039 virginibus
1295 2981 1347 3027 et
1367 2974 1709 3029 sublevandis
1728 2975 1864 3043 stipe
1883 2975 2084 3042 egenis,

524 3070 722 3137 insigni
769 3071 1084 3126 exstiterunt
1133 3071 1337 3126 civitati
1383 3076 1642 3142 exemplo.
1696 3074 1931 3141 (luvenc.
1962 3075 1996 3127 l.
2037 3092 2084 3128 c.

524 3188 575 3223 n.
606 3169 719 3238 34.)
