2315 3559
345 225 412 261 DE
439 224 517 261 BB.
550 223 675 260 EDM.
707 222 955 260 CAMPIANI
984 222 1047 259 ET
1074 222 1334 260 SOCIORUM
1365 224 1626 261 MARTYRIO
1699 208 1765 262 85

204 366 484 421 summarii
523 373 707 433 aperte
746 367 997 431 declarat,
1035 383 1156 419 cum
1203 366 1470 433 praefinit,
1512 366 1763 433 epistolas

203 484 340 533 quae
390 465 696 519 scribuntur
739 484 768 518 a
807 464 1031 529 NostriS,
1075 464 1282 518 ostendi
1329 465 1375 518 ei
1427 465 1622 519 debere
1671 468 1763 533 qui

202 565 361 618 fuerit
399 582 428 618 a
466 564 742 632 superiore
776 563 1115 628 constitutus,
1157 563 1223 616 ab
1261 565 1560 631 eodemque
1586 565 1764 631 legen-

200 663 293 716 das
333 680 446 716 esse
490 680 630 730 quae
668 663 732 716 ad
779 663 1001 715 Nostros
1047 661 1352 715 mittuntur.
1384 661 1533 724 Quod
1581 662 1622 715 si
1663 663 1760 717 hoc

200 760 318 815 fieri
388 777 493 814 non
561 778 717 828 posse
783 759 1053 827 quispiam
1115 759 1419 825 asseruerit,
1478 777 1584 813 non
1641 761 1760 815 ideo

200 860 470 913 excusabit
509 858 1035 927 praetermissionem
1076 857 1332 912 muneris.
1374 858 1567 912 Contra
1607 877 1761 926 regu-

199 960 304 1012 lam
361 958 504 1024 facit,
565 958 659 1025 qui
715 957 926 1024 legendi
989 956 1210 1017 litteras,
1265 974 1402 1024 quae
1462 975 1491 1011 a
1552 958 1757 1012 Nostris

200 1056 488 1110 mittuntur
550 1057 630 1110 vel
694 1055 758 1109 iis
820 1055 1157 1123 perveniunt,
1222 1055 1423 1109 omittit
1488 1056 1751 1118 officium;

197 1171 372 1221 neque
429 1171 554 1208 vero
612 1154 943 1221 neglegenda
993 1162 1073 1208 est
1121 1155 1306 1220 regula
1361 1155 1754 1222 septuagesima

197 1253 457 1320 RectoriS,
501 1272 595 1307 nec
641 1253 1064 1321 permittendum
1103 1252 1425 1320 cuicumque
1463 1261 1522 1307 ut
1559 1253 1755 1308 scribat

195 1354 262 1407 ad
315 1353 586 1419 mulieres,
640 1371 698 1406 ac
749 1370 814 1406 ne
863 1351 1285 1420 permittendum
1341 1351 1562 1419 quidem
1625 1353 1753 1407 viris

193 1451 448 1517 gravibus
489 1459 537 1505 et
578 1451 732 1505 valde
769 1450 1141 1519 prudentibus,
1172 1451 1263 1504 sed
1303 1450 1417 1504 sine
1444 1468 1538 1518 spe
1563 1453 1755 1519 mafflzz'

193 1552 413 1604 fructus.
433 1550 583 1613 Quod
606 1549 650 1603 si
672 1558 993 1615 servaretur,
1019 1549 1297 1617 pauciores
1318 1548 1567 1616 epistolas
1586 1550 1753 1617 aliqui

192 1656 488 1714 exararent,
520 1647 651 1716 quin
679 1648 841 1702 etiam
868 1649 969 1702 hae
1007 1648 1177 1701 multo
1216 1648 1390 1701 forent
1428 1648 1676 1715 rariores,
1708 1649 1751 1702 si

191 1748 295 1815 legi
341 1748 556 1802 easdem
605 1747 882 1813 cognitum
927 1755 1082 1801 esset.
1128 1748 1202 1800 lta
1247 1747 1417 1813 fieret,
1465 1755 1523 1801 ut
1565 1749 1750 1814 regula

190 1849 432 1914 regulam
478 1847 703 1901 iuvaret.

255 1945 340 2001 5-2.
423 1946 533 1999 Iam
597 1945 750 1999 venio
811 1946 876 1999 ad
952 1962 1066 1999 rem
1138 1944 1534 2011 gravissimam,
1611 1964 1748 2014 quae

188 2043 471 2098 sollicitam
550 2061 762 2111 semper
837 2043 1007 2097 tenuit
1083 2042 1402 2098 Societatem
1475 2052 1526 2098 et
1608 2062 1746 2112 quae

187 2143 482 2197 etiamnum
561 2143 710 2209 angit
797 2142 936 2196 viros
1010 2143 1076 2197 de
1141 2142 1403 2197 Societate
1474 2145 1745 2210 praeclare

187 2241 408 2296 meritos
470 2249 521 2295 et
581 2241 966 2296 incolumitatis
1028 2249 1241 2296 nostrae
1296 2241 1738 2296 studiosissimos.

187 2354 211 2387 ((
253 2339 306 2394 Si
344 2340 465 2408 quis
504 2340 558 2394 in
600 2341 761 2394 verbo
800 2358 906 2394 non
951 2339 1193 2407 offendit,
1236 2340 1322 2395 hic
1361 2342 1625 2408 perfectus
1665 2351 1742 2396 est

187 2458 212 2491 ))
255 2439 352 2492 vir.
398 2458 423 2491 ))
464 2440 575 2494 Hoc
601 2457 631 2493 a
657 2439 706 2493 S.
746 2439 937 2494 Iacobo
975 2439 1150 2494 edocti
1187 2440 1254 2494 ab
1292 2439 1742 2495 immoderatione

186 2538 473 2592 verborum
516 2556 800 2593 caveamus
844 2547 896 2592 et
937 2539 1004 2593 ab
1042 2538 1456 2608 intemperantia
1505 2539 1737 2606 linguae,

183 2655 320 2706 quae
369 2646 447 2691 est
498 2652 523 2686 ((
575 2637 895 2692 universitas
951 2638 1272 2707 iniquitatiS,
1328 2658 1353 2691 ))
1416 2639 1741 2694 instrumen-

182 2743 295 2789 tum
323 2736 524 2790 scilicet
560 2736 736 2790 omnis
773 2736 985 2803 generis
1023 2737 1311 2792 sceleribus
1337 2738 1739 2793 committendis

180 2843 450 2902 aptatum3
504 2853 642 2903 quae
697 2850 721 2883 ((
775 2838 1006 2891 maculat
1056 2844 1227 2891 totum
1277 2854 1489 2905 corpus,
1545 2857 1571 2890 ))
1627 2837 1737 2892 sive

183 2932 325 2986 vitiis
374 2933 562 3000 inficit,
615 2951 753 3002 quae
797 2948 822 2981 «
869 2934 1170 2988 inflammat
1218 2943 1392 2988 rotam
1442 2935 1735 2989 nativitatis

180 3039 392 3085 nostrae
433 3050 458 3083 ))
504 3031 556 3086 id
597 3040 693 3097 est,
742 3039 913 3086 totum
959 3032 1081 3086 vitae
1124 3051 1340 3087 cursum
1384 3033 1731 3099 contaminat,

180 3128 246 3182 ab
295 3129 448 3184 initio
498 3132 564 3185 ad
615 3131 797 3196 finem,
851 3130 1074 3199 ipsaque
1117 3140 1195 3186 est
1245 3147 1270 3179 <(
1324 3132 1655 3187 inflammata
1705 3152 1735 3187 a

1935 375 1960 405 1.
1978 384 2010 407 c.

1806 1961 1849 1998 et
1870 1956 2095 2018 caritatem

1835 2017 2077 2063 pertment.
