2315 3559
193 207 260 255 DE
281 215 586 254 REPETENDA
607 215 678 252 ss,
699 211 1065 265 PETR1,10ANN.
1085 212 1314 249 ETALPH.
1336 212 1573 250 ,unimam
1611 196 1708 250 177

226 359 325 423 Qui
391 359 445 412 in
506 357 748 413 censorio
803 364 958 411 coetu
1019 363 1170 409 erant
1235 354 1494 421 mitioreS,
1554 372 1711 420 aegre

158 458 398 513 serebant
447 457 858 525 occupationum
909 454 1222 523 strepitum;
1277 454 1462 520 animi,
1509 462 1567 506 ut
1611 453 1711 520 ipsi

159 557 424 623 dicebant,
489 555 804 610 effusionem
823 573 835 620 3
901 554 1161 608 iacturam
1223 552 1501 620 temporis,
1567 552 1710 619 quod

158 657 377 711 daretur
440 654 770 721 hominibus,
839 654 905 707 ad
972 652 1230 720 capienda
1296 652 1430 705 bene
1499 650 1712 704 vivendi

158 755 518 823 credendique
562 762 846 823 praecepta
889 770 1081 821 parum
1126 751 1370 815 idoneis3
1419 749 1715 817 quereban-

157 864 242 909 tur
292 856 357 910 de
401 853 582 908 multis
632 861 684 908 et
732 851 971 920 operosis
1014 850 1264 917 negotiis,
1312 848 1507 917 quibus
1552 849 1715 901 inter-

155 962 332 1023 pretes
383 962 434 1008 et
482 953 613 1007 socii
657 951 1082 1019 implicarentur.

225 1052 277 1107 Si
321 1052 451 1120 quid
508 1070 537 1106 a
591 1050 801 1118 Nigrita
856 1051 1054 1104 factum
1111 1056 1225 1102 erat
1286 1046 1573 1100 inscienter
1636 1046 1714 1099 vel

158 1152 531 1218 immoderate,
580 1150 709 1204 vitio
748 1149 802 1203 id
843 1149 998 1203 Petro
1044 1147 1369 1201 vertebatur.

224 1250 307 1304 210.
358 1250 509 1304 Unde
547 1249 741 1316 evenit,
790 1257 848 1302 ut
890 1254 1231 1302 accusaretur
1278 1246 1420 1313 apud
1477 1262 1566 1298 eos
1622 1243 1716 1312 qui

158 1357 456 1418 praeerant,
510 1358 558 1403 et
609 1366 756 1402 acres
811 1363 1222 1414 nonnumquam
1272 1342 1716 1412 reprehensiones

158 1449 462 1503 sustineret.
511 1448 721 1502 Etenim
761 1447 1126 1501 moderatores
1172 1446 1252 1498 vel
1297 1460 1522 1497 numero
1567 1459 1718 1496 accu-

160 1556 419 1614 satorum,
474 1548 554 1601 vel
597 1545 999 1601 continuatione
1043 1544 1405 1612 querelarum,
1451 1542 1530 1595 vel
1576 1539 1718 1594 Petri

160 1647 371 1701 silentio
415 1646 470 1700 in
515 1662 755 1700 errorem
793 1644 1016 1710 inducti,
1048 1660 1169 1696 cum
1202 1659 1309 1695 non
1337 1640 1463 1694 satis
1497 1641 1720 1693 fortasse

162 1754 495 1814 perspectam
545 1745 806 1798 haberent
855 1744 968 1797 eius
1019 1741 1376 1807 sanctitatem,
1424 1756 1531 1793 non
1581 1748 1722 1793 recte

162 1847 225 1901 de
265 1846 378 1900 eius
417 1845 703 1914 prudentia
741 1844 1046 1911 sentienteS,
1078 1860 1233 1897 aures
1273 1839 1722 1896 obtrectatoribus

162 1945 493 2014 praebendas
555 1962 668 1999 esse
730 1944 1004 2012 putabant.
1077 1941 1372 1996 Credulitas
1433 1957 1585 1994 error
1644 1946 1723 1992 est

162 2044 359 2112 potiUS,
413 2061 577 2112 quam
627 2043 839 2097 vitium.
894 2042 1066 2105 Quare
1116 2041 1426 2094 mirandum
1470 2056 1577 2093 non
1621 2045 1719 2104 est,

163 2161 281 2198 eam
320 2143 375 2197 in
419 2143 612 2211 optimi
661 2142 921 2210 cuiusque
965 2141 1207 2195 animum
1258 2140 1512 2207 irrepere.

232 2243 315 2297 Fit
386 2242 548 2297 etiam
615 2250 674 2296 ut
746 2242 811 2295 de
872 2242 936 2295 iis
1004 2258 1141 2308 quae
1201 2240 1267 2293 ad
1335 2238 1427 2292 Dei
1494 2236 1722 2304 gloriam

163 2351 406 2411 spectant
441 2342 531 2396 alii
576 2342 730 2396 aliter
768 2341 1074 2409 opinentur.
1117 2340 1361 2393 Fortasse
1398 2355 1506 2392 non
1545 2338 1726 2391 desue-

163 2451 288 2497 runt
325 2443 419 2511 qui
457 2442 719 2496 maiorem
747 2441 839 2495 Dei
865 2439 1079 2495 Domini
1106 2438 1276 2493 nostri
1302 2437 1516 2491 laudem
1544 2434 1723 2501 colligi

164 2544 509 2609 fructumque
563 2541 870 2596 uberiorem
928 2558 988 2595 ex
1038 2539 1101 2593 iis
1153 2537 1356 2607 percipi
1412 2535 1724 2591 hominibus

164 2642 523 2709 confidebant,
565 2641 659 2709 qui
703 2649 975 2709 praestare
1019 2639 1209 2694 ceteris
1254 2639 1399 2693 cultu
1442 2645 1494 2691 et
1536 2637 1725 2690 huma-

165 2741 331 2796 nitate
375 2741 712 2795 videbantur.
765 2739 843 2793 Ad
882 2739 1073 2793 altiora
1117 2755 1342 2792 munera
1385 2743 1571 2790 natum
1611 2752 1723 2789 esse

169 2841 384 2895 Petrum
429 2840 733 2905 censebant,
768 2839 861 2906 qui
905 2838 1116 2906 generis
1154 2837 1433 2892 nobilitate
1476 2834 1720 2901 insignis,

164 2947 217 2994 et
259 2939 475 3006 ingenio
515 2938 810 3007 plurimum
862 2938 1070 2992 valebat
1112 2945 1164 2991 et
1207 2935 1469 2991 doctrina.

235 3038 463 3102 Quidam
502 3038 812 3092 metuebant
860 3055 926 3091 ne
963 3038 1235 3092 desertum
1274 3037 1412 3090 soret
1447 3030 1723 3088 Societatis

166 3139 428 3206 templum
489 3138 555 3192 ab
617 3137 682 3191 iis
737 3136 829 3205 qui
879 3136 1140 3203 dignitate
1202 3136 1282 3189 vel
1344 3135 1556 3189 fortuna
1605 3129 1723 3184 aliis

275 3246 404 3290 TOME
435 3245 502 3290 IV.
1558 3239 1610 3283 v1⁹2

1763 1254 2085 1301 accusationes,

1776 1309 2088 1363 reprehensio-

1789 1378 1884 1413 nes,
1918 1377 2061 1416 poena

1844 1419 2005 1471 gravis.
