2315 3559
512 217 560 254 R.
605 216 649 253 P.
692 217 744 253 N.
785 214 990 252 CLAUDII
1031 214 1321 259 AQUAVIVAE
1592 199 1693 253 355

136 361 270 407 19-20.
305 361 420 405 Haec
443 360 559 404 enim
582 359 741 403 caritas
764 356 966 412 specialis
984 356 1153 400 fructus
1172 362 1239 400 est
1256 370 1387 410 quem
1406 356 1520 401 Deus
1539 370 1692 411 repos-

242 447 339 490 cita
360 446 503 499 nobis,
528 445 602 499 qui
618 444 886 488 collocamur
906 443 949 486 in
971 442 1187 486 Societate
1203 448 1251 485 ut
1272 442 1315 485 in
1339 455 1446 495 agro
1470 441 1692 485 Ecclesiae

241 532 513 576 feracissimo
533 536 576 575 et
592 531 755 584 optime
773 529 960 582 exculto,
981 534 1024 572 et
1040 528 1136 571 ideo
1155 528 1273 571 ferre
1293 526 1505 570 debemus
1523 527 1693 570 fructus

244 618 386 661 bonos
405 623 448 661 et
464 630 595 670 quam
613 615 843 669 plurimos.

132 702 272 746 izi-22.
308 702 530 746 Posterius
563 716 572 744 :
604 700 844 754 praecipua
875 699 1089 752 religione
1121 712 1170 741 ac
1197 698 1359 752 pietate
1382 696 1552 740 colatur
1574 697 1618 740 B.
1646 696 1690 739 V.

242 787 391 839 Maria,
417 800 528 840 quae
550 785 761 839 singulari
782 784 964 827 honoris
986 790 1029 827 et
1045 783 1208 826 amoris
1226 782 1545 836 significatione
1563 781 1695 834 digna

243 871 466 916 censenda
486 877 567 923 est,
592 876 635 914 et
666 883 744 914 suo
777 883 858 913 nos
879 874 1087 922 potenter
1107 867 1310 911 adiutura
1337 873 1404 911 est
1423 866 1690 921 patrocinio.

217 1049 298 1103 IV.
337 1064 402 1102 AD
431 1062 804 1102 PnovmcuLEs
831 1061 1145 1112 sommum,
1186 1043 1252 1098 28
1280 1043 1460 1098 martii
1487 1042 1619 1098 1587

137 1200 212 1254 De
249 1199 573 1268 quibusda-m
604 1199 798 1252 mediis
835 1199 904 1251 ad
941 1197 1386 1252 conservationem
1416 1194 1697 1249 Societatis

757 1297 1080 1365 facientibus

581 1437 755 1505 (Tom.
790 1438 827 1504 l,
859 1455 946 1505 pp.
978 1435 1251 1502 1183-2‘13.)

164 1611 201 1653 ’1.
244 1609 527 1654 Conservatio
550 1608 777 1654 Societatis
798 1608 842 1651 in
859 1608 1012 1661 primis
1033 1606 1199 1661 pendet
1215 1620 1239 1650 a
1256 1606 1547 1650 sollicitudine
1571 1620 1698 1660 supe-

244 1695 428 1749 riorum,
462 1696 536 1748 qui
569 1694 845 1738 subditorum
876 1692 1167 1745 infirmitates,
1199 1691 1403 1736 Societati
1434 1691 1697 1745 plerumque

247 1782 441 1834 nocivas,
475 1786 632 1825 curent
671 1786 714 1824 et
749 1785 907 1823 sanent
939 1792 950 1823 .·
981 1778 1208 1832 diligentia
1242 1792 1379 1832 porro
1416 1778 1625 1822 continua
1654 1776 1697 1820 id

245 1866 408 1911 faciant
423 1873 466 1910 et
481 1866 662 1911 sollerti.
679 1864 895 1909 Nonnulla
911 1870 1056 1908 autem
1073 1864 1126 1907 ad
1149 1863 1532 1908 conservationem
1555 1862 1698 1907 Socie-

245 1953 346 1998 tatis
367 1951 716 1997 commendanda
738 1956 840 1995 sunt
863 1965 872 1994 :

134 2039 219 2084 2-3.
243 2039 471 2084 Societatis
494 2038 744 2083 Institutum
777 2037 910 2090 exigit
940 2036 984 2080 in
1018 2035 1203 2089 singulis
1225 2035 1464 2080 solidarum
1486 2034 1694 2079 virtutum

246 2125 407 2169 ardens
425 2124 617 2168 studium
628 2137 638 2177 ;
673 2136 786 2176 quae
819 2122 855 2166 si
885 2122 1030 2166 desint
1058 2134 1219 2175 magna
1250 2126 1488 2164 occurrent
1516 2119 1698 2174 impedi-

245 2217 407 2255 menta.
442 2209 552 2253 Hinc
587 2208 828 2264 praecipua
858 2221 964 2251 cura
994 2207 1280 2261 Superiorum
1312 2206 1367 2250 sit
1397 2212 1444 2250 ut
1478 2205 1618 2250 nostri
1653 2205 1697 2249 in

248 2297 314 2341 his
335 2295 570 2340 virtutibus
599 2293 961 2348 progrediantur,
993 2298 1084 2336 toto
1116 2292 1261 2336 animo
1284 2306 1383 2336 sese
1405 2291 1458 2335 ad
1479 2290 1698 2345 guberna·

247 2382 378 2428 tionis
400 2396 551 2426 curam
568 2381 856 2436 applicantes,
875 2380 1046 2434 reliqua
1062 2387 1207 2424 autem
1225 2379 1385 2433 quihus
1401 2378 1698 2433 impediantur

248 2468 515 2520 omittentes,
540 2472 583 2511 et
602 2480 684 2520 per
700 2465 842 2509 bonos
862 2470 1178 2519 procuratores
1199 2478 1223 2508 a
1238 2463 1529 2508 sollicitudine
1546 2476 1695 2507 rerum

247 2552 555 2608 temporalium
574 2565 672 2596 sese
690 2556 997 2595 exonerantes.

165 2640 204 2684 4.
248 2638 356 2683 Boni
373 2637 697 2682 constituantur
712 2636 988 2690 Superiores.
1010 2635 1120 2679 Hinc
1140 2634 1383 2689 Praepositi
1401 2634 1696 2678 Provinciales

248 2725 433 2769 idoneos
449 2727 717 2778 proponant,
734 2721 1086 2775 constitutosque
1101 2721 1335 2775 diligenter
1346 2720 1554 2775 forment,
1569 2734 1696 2775 prae-

251 2810 402 2855 sertim
418 2809 463 2852 in
479 2807 817 2852 visitationibus.

168 2896 207 2941 5.
250 2895 349 2950 Apti
371 2895 589 2948 eligantur
611 2893 826 2937 Praefecti
846 2907 996 2937 rerum
1027 2892 1334 2947 spiritualium,
1366 2891 1628 2946 praesertim
1650 2892 1694 2935 in

250 2982 498 3027 seminariis
533 2980 618 3024 NN.
662 2979 812 3024 Idonei
851 2979 1135 3024 admittantur
1173 2978 1349 3032 novicii,
1382 2985 1425 3022 et
1457 2978 1540 3023 rite
1579 2978 1694 3022 iuxta

250 3069 499 3113 Institutum
514 3067 776 3110 formentur.

167 3156 207 3199 6.
250 3155 298 3198 ln
338 3153 612 3199 scholaribus
651 3152 878 3197 Societatis
918 3157 1121 3196 servetur
1155 3151 1334 3205 spiritus
1370 3156 1413 3195 et
1447 3150 1692 3195 devotionis
