2315 3559
971 643 1677 734 EPISTOLA

1075 843 1108 874 R
1117 866 1126 874 .
1168 842 1329 874 PATRI
1336 842 1358 875 S
1396 842 1428 874 N
1435 842 1467 874 O
1474 841 1589 875 STRI

605 972 999 1035 ANTONII
1052 973 1425 1035 MARIAE
1476 971 2053 1034 ANDERLEDY

735 1130 807 1174 ΑΙ)
840 1130 1048 1174 PATRES
1079 1131 1147 1174 ΕΤ
1177 1130 1423 1175 FRATRES
1453 1129 1761 1175 SOCIETATIS
1792 1128 1913 1174 IESU

609 1497 677 1535 DE
716 1498 956 1536 CRUENTO
994 1500 1073 1538 ΒΒ.
1116 1500 1359 1537 EDMUNDI
1397 1499 1647 1537 CAMPIANI
1689 1499 1750 1537 ET
1789 1498 2051 1537 SOCIORUM

662 1599 724 1637 AC
767 1600 834 1636 DE
874 1599 1173 1638 INCRUENTO
1212 1600 1366 1638 NOBIS
1404 1600 1680 1638 SUBEUNDO
1721 1599 2002 1637 MARTYRIO.

220 1781 443 1834 Insignem
610 1753 870 1807 Amabilis
909 1763 961 1808 et
998 1762 1221 1822 paterna
1247 1755 1340 1809 Dei
1369 1754 1732 1820 Providentia,
1763 1772 1900 1821 quae
1927 1771 2110 1808 amara

185 1836 471 1889 Anglicorum

208 1891 449 1944 Martyrum

242 1946 427 1999 gloriam
547 1954 812 2019 dolorem,
844 1970 1006 2020 quem
1035 1971 1095 2007 ex
1122 1961 1408 2021 temporun
1443 1953 1728 2020 iniquitate
1761 1953 2108 2020 percipimus,

544 1853 813 1919 iucundiS,
843 1853 1053 1907 lenibus
1080 1871 1268 1922 aspera
1295 1862 1596 1921 temperare
1635 1855 1787 1920 solet,
1817 1855 2020 1906 luctum
2060 1861 2111 1907 et

544 2053 898 2106 exsultatione
949 2053 1164 2107 insolita
1208 2054 1496 2120 mitigavit.
1545 2053 1922 2121 Optatissimus
1966 2053 2110 2106 enim

544 2153 607 2207 ad
640 2170 736 2206 nos
764 2161 986 2206 exeunte
1024 2171 1164 2207 anno
1199 2154 1475 2221 superiore
1507 2153 1726 2207 nuntius
1765 2161 1844 2206 est
1882 2154 2107 2220 delatUS,

548 2254 727 2320 plures
778 2270 839 2306 ex
888 2253 1207 2321 Martyribus
1268 2253 1465 2307 nostris
1515 2253 1773 2307 Caelitum
1825 2252 2110 2306 Beatorum

549 2353 782 2406 bonores
811 2353 973 2406 etiam
1002 2353 1055 2406 in
1083 2354 1182 2406 hac
1209 2360 1352 2406 terra
1380 2370 1493 2406 esse
1529 2359 1860 2417 consecutOS,
1892 2351 2114 2404 Pontifi-

549 2451 804 2519 ciumque
850 2453 916 2506 de
962 2452 1099 2506 l'elici
1150 2453 1251 2506 hoc
1302 2460 1496 2506 eventu
1546 2452 1950 2519 promulgatum
2000 2467 2115 2504 esse

546 2552 842 2604 decretum.

617 2650 667 2704 1.
711 2649 859 2712 Quod
914 2651 1081 2716 igitur
1130 2659 1209 2704 tot
1257 2651 1411 2704 annis
1471 2658 1750 2717 tantopere
1805 2649 2109 2717 optabatur,

293 2770 375 2815 sihi
551 2751 697 2817 quod
743 2750 984 2803 nondum
1031 2751 1435 2818 exspectabatur
1479 2750 1657 2803 minus
1702 2749 1863 2803 etiam
1907 2747 2112 2801 acerbis

199 2826 479 2933 ἕὲὲξῖἷὲᾞῖξῗῐ
549 2849 905 2916 temporibUS,
938 2849 1024 2903 ille
1052 2868 1222 2903 annus
1249 2850 1404 2903 nobis
1431 2849 1627 2915 attulit,
1652 2856 1710 2901 ut
1737 2848 1834 2901 BB.
1860 2847 2112 2914 Martyres

552 2949 868 3003 Edmundus
897 2955 948 3001 ct
975 2947 1132 3015 Socii,
1163 2949 1357 3002 abhinc
1386 2949 1557 3002 tribus
1585 2947 1808 3002 saeculis
1835 2947 2108 3012 adeptum,

552 3049 772 3102 tandem
813 3047 1122 3103 emitterent
1149 3048 1201 3101 in
1242 3056 1410 3102 terras
1438 3048 1641 3113 gloriae
1672 3045 1912 3100 caelestis
1940 3046 2114 3112 splen—

550 3149 758 3202 dorem.
808 3147 958 3200 Nunc
1004 3147 1228 3200 feliciter
1272 3148 1324 3201 id
1371 3147 1677 3214 contigisse,
1725 3145 1826 3199 sibi
1876 3144 2113 3197 militans
