2315 3559
534 235 600 290 ‘12
748 254 998 292 EPISTULA
1037 256 1085 293 R.
1129 258 1175 294 P.
1217 258 1435 296 ANTONII
1476 259 1531 296 M.
1574 259 1886 297 ANDERLEDY

533 398 900 466 administros,
941 401 1407 457 administratores
1443 404 1521 457 rei
1560 404 1822 471 publicae,
1854 404 1930 458 rei
1959 405 2099 458 mili-

532 497 661 550 taris
695 500 1011 565 praefectos,
1043 500 1135 567 qui
1176 501 1301 555 huic
1340 520 1394 555 se
1434 502 1646 569 pietatis
1681 502 1847 556 cultui
1886 503 2098 557 dedica-

533 604 740 649 verunt.

600 696 958 762 Praeclarum,
978 699 1122 765 quod
1148 699 1404 766 Hispania
1427 699 1613 766 edidit,
1633 699 1854 766 facinus,
1880 700 2094 754 omissis

200 787 442 887 ssgffiffliigst
527 794 662 849 bene
697 796 899 863 multiS,
929 814 1317 863 commemoro,
1350 800 1494 866 quod
1531 817 1699 851 unum
1739 799 2094 866 aequiperan-

527 894 656 947 dum
686 903 764 948 est
790 913 953 962 quam
982 896 1248 962 plurimis,
1284 898 1463 965 Ipsum
1492 915 1806 966 supremum
1845 897 2091 952 Castiliae

523 994 829 1060 consilium,
861 995 915 1048 in
943 995 1202 1063 Hispania
1240 996 1446 1050 illustre
1479 1015 1537 1050 ac
1571 997 2003 1063 celeberrimum,
2035 997 2089 1051 in

523 1091 850 1147 Sodalicium
878 1102 1208 1161 cooptatum,
1234 1102 1407 1148 totum
1436 1113 1490 1148 se
1518 1095 1571 1148 in
1600 1096 1917 1149 famulatum
1941 1096 2090 1150 dedit

521 1192 703 1245 Matris
748 1192 924 1246 Divini
969 1192 1278 1247 SalvatoriS.
1330 1194 1613 1248 Eminebat
1656 1195 1757 1248 hoc
1801 1195 2086 1249 consilium

520 1291 818 1359 nobilitate,
885 1292 1148 1358 doctrina,
1210 1293 1474 1359 dignitate
1535 1301 1697 1362 atque
1759 1295 2087 1362 experientia

519 1408 718 1445 rerum.
775 1392 847 1445 Ex
897 1409 1005 1459 quo
1056 1400 1250 1446 eventu
1300 1393 1608 1447 coniectura
1665 1394 1878 1461 assequi
1939 1394 2081 1460 licet,

517 1499 719 1557 quanto
759 1491 813 1544 in
852 1492 1058 1545 honore
1097 1492 1288 1546 Beatae
1326 1492 1561 1558 Yirginis
1602 1494 1804 1546 cultum
1844 1493 2086 1560 posuerit

514 1606 645 1654 gens
674 1589 928 1658 Hispana,
961 1598 1202 1658 quotque
1230 1590 1545 1645 imitatrices
1581 1599 1735 1646 nacta
1774 1591 1935 1645 fuerit
1972 1599 2082 1646 tam

513 1688 709 1742 nobilis
736 1688 1018 1743 Sodalitas.

581 1786 823 1840 Similem
864 1786 1137 1840 Lusitania
1182 1789 1398 1842 laudem
1449 1795 1527 1841 est
1578 1796 1879 1854 consecuta,
1927 1788 2078 1842 cuius

510 1886 677 1939 cultui
718 1886 955 1939 Mariano
994 1904 1151 1939 suum
1192 1887 1352 1940 decus
1393 1894 1471 1940 est
1510 1887 1563 1940 in
1605 1888 1801 1940 Ioanne
1830 1888 1935 1953 lV,
1983 1888 2077 1955 qui

509 2003 556 2038 a.
605 1985 742 2040 1643
790 1985 843 2039 in
895 1985 1093 2053 palatio
1145 1986 1293 2051 regio
1343 1985 1692 2040 Sodalitatem
1744 2004 1857 2040 esse
1908 1987 2077 2040 voluit

508 2084 765 2139 iuvenum
803 2087 956 2139 aulae
994 2085 1192 2152 regiae,
1224 2103 1456 2152 quorum
1486 2085 1598 2153 ipse
1626 2087 1923 2153 praefectus
1950 2104 2074 2140 cum

507 2192 662 2250 esset,
705 2202 811 2238 non
858 2202 978 2238 raro
1024 2185 1090 2238 de
1135 2202 1191 2238 re
1236 2184 1322 2252 pia
1367 2202 1673 2238 sermonem
1719 2186 1784 2239 ad
1831 2185 2069 2253 iuvenes,

505 2284 785 2338 nobilitate
812 2284 1147 2352 conspicuos,
1179 2283 1384 2337 habuit.

573 2383 637 2437 Et
675 2384 803 2437 haec
843 2383 1065 2450 quidem
1105 2384 1170 2436 de
1207 2383 1476 2436 clarorum
1516 2382 1782 2436 sodalium
1821 2400 2067 2436 numero.

504 2482 683 2548 Longe
705 2482 873 2550 pluris
896 2490 1075 2536 tamen
1097 2480 1418 2535 aestimandi
1447 2489 1569 2534 sunt
1597 2482 1818 2547 fructus,
1850 2480 1943 2548 qui
1971 2482 2069 2535 sub

502 2580 722 2635 Divinae
756 2581 938 2635 Matris
966 2582 1132 2634 tutela
1159 2598 1217 2634 ac
1247 2579 1516 2647 praesidio
1555 2579 1605 2632 in
1643 2580 1789 2633 hisce
1826 2580 2067 2634 coetibus

127 2685 319 2729 Annales
348 2702 454 2731 vero
500 2688 841 2734 enascuntur.
863 2681 1024 2734 Recte
1045 2679 1320 2733 annalium
1342 2678 1620 2732 Societatis
1642 2687 1856 2733 nostrae
1878 2696 2068 2732 monu-

128 2741 452 2786 nostriillarum
996 2779 1004 2789 .
1266 2779 1274 2787 .
1331 2778 1339 2786 .
1959 2778 1967 2786 .

205 2795 375 2841 fructus
501 2787 681 2833 menta
702 2781 832 2833 baec
854 2780 1140 2848 perhibent
1165 2796 1175 2832 ε
1199 2778 1361 2832 Niltit
1381 2779 1451 2831 ast
1473 2779 1724 2831 levandas
1746 2779 2064 2831 mortalium

163 2858 413 2896 memorant
497 2879 834 2933 calamitates
859 2886 909 2933 ct
934 2884 1259 2933 constantem
1280 2877 1531 2943 publicae
1563 2877 1787 2943 pictatis
1823 2877 2064 2944 fructum

496 2994 603 3030 esse
639 2977 899 3041 validius,
931 2995 1095 3045 qna-ni
1131 2975 1182 3029 si
1218 2976 1489 3028 concordes
1529 2976 1821 3027 multorum
1858 2974 2057 3039 animi,

497 3075 708 3129 vinculo
762 3075 1038 3129 communi
1081 3074 1304 3128 virtutis
1347 3074 1576 3137 astricti,
1618 3074 1789 3127 amice
1838 3073 1896 3126 in
1946 3090 2061 3126 reni

494 3173 743 3242 aliquam
768 3174 1155 3240 conspirarent.
1179 3171 1415 3239 (Iuvenc.
1444 3172 1578 3225 Hist.
1604 3171 1653 3225 S.
1681 3172 1718 3225 Ι.
1751 3189 1803 3238 p.
1828 3171 1886 3224 V.
1912 3172 1946 3224 l.
1971 3171 2055 3225 16.

495 3289 545 3325 n.
576 3270 689 3339 311.)
715 3272 865 3335 Quod
895 3272 1098 3326 dictum
1126 3279 1347 3325 eventus
1375 3270 1765 3338 comprobavit.
