2315 3559
861 246 955 282 son
985 261 1041 266 —
1072 246 1164 283 SPE
1688 229 1789 283 485

240 403 332 446 314.
360 404 430 456 lll,
464 405 554 455 118,
582 402 695 454 254).
729 415 838 444 neve
868 401 920 443 sle
948 401 1160 443 Societate
1184 400 1366 452 eiusque
1390 399 1613 442 laboribus
1637 414 1788 453 super-

238 489 408 532 biamus
444 487 658 541 (315-317)
697 493 769 530 aut
809 486 990 529 aliorum
1032 485 1232 529 laudibus
1269 499 1318 527 ac
1360 490 1479 527 recte
1520 483 1644 527 factis
1682 485 1788 527 invi-

239 574 418 617 deamus
445 574 516 626 (ΙΙ,
538 572 750 623 317-319).

292 659 352 712 20)
397 657 770 703 Considerandum
817 670 973 699 revera
1020 656 1263 699 consistere
1311 669 1503 698 amorem
1555 654 1597 697 in
1640 662 1787 698 mutua

237 743 453 787 bonorum
486 741 882 786 communicatione
910 741 980 791 (ΙΙ,
1011 740 1122 793 319).
1162 741 1295 783 l’orro
1328 739 1520 783 Societas
1549 740 1788 782 communi-

237 843 341 872 cans
364 829 490 872 nohis
515 843 523 871 :
546 828 675 871 tinem
701 842 840 879 suum,
864 827 1021 879 media,
1047 826 1309 877 institutum,
1336 825 1525 879 speciale
1548 824 1785 873 vinculum,

236 914 409 957 Pati-um
443 913 744 965 hereditatem,
782 913 964 966 gloriam
1013 926 1134 955 suam
1178 919 1221 955 et
1268 911 1440 954 divinae
1482 910 1786 953 Providentiae

236 1011 341 1051 erga
363 1011 409 1041 se
431 997 745 1050 benignitatem
774 997 843 1047 (ll,
868 995 1065 1049 320-322)
1100 1010 1108 1038 ;
1142 994 1377 1048 obstringit
1408 1008 1487 1038 nos
1519 993 1709 1036 vicissim
1740 1000 1788 1036 ut

235 1082 273 1125 ei
295 1081 669 1125 communicemus
692 1088 842 1124 nostra
864 1081 935 1133 (ΙΙ,
958 1080 1069 1133 323),
1094 1080 1136 1122 id
1159 1087 1225 1122 est
1256 1079 1508 1123 studeamus
1539 1079 1632 1122 eius
1664 1078 1788 1122 Insti-

234 1174 373 1211 tutum
411 1167 553 1221 probe
588 1180 861 1220 cognoscere
901 1167 971 1219 (ΙΙ,
1008 1166 1101 1217 324,
1144 1166 1256 1219 325),
1295 1173 1338 1209 et
1377 1164 1552 1218 cognita
1589 1164 1787 1218 perfecte

230 1253 410 1306 exsequi
444 1253 515 1305 (ΙΙ,
551 1251 645 1303 325,
680 1252 773 1295 326.
809 1252 876 1303 lv,
921 1251 1018 1303 329)
1051 1252 1285 1304 omnigena
1320 1250 1613 1304 abnegatione
1647 1249 1785 1294 nostri

233 1338 428 1391 ipsorum
451 1337 522 1391 (ΙΙ,
540 1337 633 1389 327,
658 1337 769 1389 328),
796 1351 843 1380 ac
862 1337 975 1380 fideli
994 1337 1145 1380 labore
1166 1337 1236 1389 (ΙΙ,
1261 1336 1354 1389 329,
1379 1336 1491 1389 330).

287 1424 417 1467 Beata
438 1424 521 1467 erit
541 1423 749 1475 Societas,
773 1431 819 1466 ut
841 1423 958 1476 olim,
983 1423 1017 1466 si
1040 1423 1146 1466 haec
1171 1428 1405 1466 serventur
1426 1422 1496 1474 (ΙΙ,
1516 1420 1629 1475 331).

287 1510 440 1553 Cetera
463 1509 550 1552 rid.
574 1510 784 1563 Maiores,
810 1509 979 1561 Sancti,
1005 1509 1201 1564 Spiritus
1224 1508 1482 1553 Societatis.

287 1647 656 1692 SODALITATES
678 1647 768 1690 sive
796 1646 1170 1699 Congregationes
1202 1646 1436 1699 Marianae,
1467 1646 1653 1689 maxime
1684 1646 1786 1690 aclu-

230 1734 488 1777 lescentium
511 1740 554 1777 et
577 1734 769 1776 virorum
792 1732 1157 1776 commendantur
1177 1732 1269 1784 (ΙΙΙ,
1294 1733 1387 1785 141,
1410 1732 1504 1776 264.
1526 1732 1592 1783 lt,
1611 1732 1650 1783 8,
1670 1732 1783 1785 252),

231 1832 376 1872 neque
412 1832 543 1862 curae
578 1818 754 1861 destitui
789 1817 953 1861 dehent
988 1831 1141 1860 eorum
1180 1816 1254 1870 qui
1293 1830 1449 1870 parum
1488 1817 1635 1860 idonei
1668 1824 1784 1871 sunt,

228 1903 442 1947 fructuosi
472 1904 616 1947 minus
666 1904 736 1955 (ll,
769 1904 854 1956 44).
889 1903 1051 1946 Harum
1084 1902 1303 1945 efficaciae
1334 1902 1584 1946 testimonia
1614 1902 1699 1955 (IV,
1724 1903 1782 1956 9).

230 1989 457 2041 Quomodo
479 1989 702 2042 regendae
724 1988 810 2042 (ΙΥ,
834 1988 946 2041 256).
984 1987 1043 2031 De
1072 1988 1379 2031 Sodalitatibus
1412 1987 1480 2032 SS.
1512 1988 1664 2032 Cordis
1686 1989 1784 2032 Iesu

229 2073 319 2127 (ΙΙΙ,
338 2075 378 2129 5,
397 2075 453 2127 9).

284 2201 620 2246 SOLI'I'UDINIS
654 2214 778 2244 amor
812 2207 855 2243 et
884 2199 1082 2254 exempla
1115 2199 1202 2252 (ΙΥ,
1241 2200 1350 2253 144).
1395 2199 1498 2243 Eam
1534 2207 1783 2254 temperant

230 2287 391 2331 solacia
412 2287 649 2330 domestica
672 2286 758 2336 (lv,
784 2286 896 2339 148).

285 2412 413 2456 SPES
436 2418 586 2455 nostra
607 2412 662 2454 sit
688 2411 730 2454 in
761 2411 852 2454 sola
881 2411 956 2453 Dei
986 2410 1180 2454 bonitate
1209 2425 1257 2453 ac
1290 2410 1608 2463 misericordia,
1631 2410 1780 2454 humili

228 2512 362 2551 prece
379 2497 653 2551 imploranda
669 2497 739 2549 (II,
758 2497 851 2539 414.
874 2496 944 2549 ΙΙΙ,
967 2496 1077 2548 297).
1100 2496 1248 2549 Neque
1271 2497 1386 2539 enim
1405 2502 1471 2539 est
1493 2496 1608 2549 quod
1631 2496 1672 2538 in
1696 2496 1780 2539 ulla

230 2584 311 2626 alia
352 2597 399 2626 re
434 2583 634 2625 fiduciam
674 2589 866 2625 nostram
903 2581 1168 2625 collocemus
1203 2582 1274 2634 (ΙΙ,
1306 2582 1401 2634 450,
1433 2582 1526 2624 451.
1562 2581 1633 2634 ΙΙΙ,
1665 2582 1778 2633 234),

230 2675 523 2721 agnoscentes
562 2674 754 2709 nostram
794 2666 1015 2717 vilitatem,
1057 2672 1101 2709 et
1141 2666 1332 2709 scientes
1374 2666 1474 2719 quia
1517 2680 1626 2708 vana
1664 2665 1779 2709 salus

229 2753 417 2797 hominis
438 2753 488 2806 (Ι,
508 2752 551 2795 31
565 2754 625 2803 ·1);
662 2765 804 2804 neque
826 2758 1006 2804 peccata
1029 2758 1177 2794 nostra
1194 2751 1407 2804 impedire
1429 2751 1592 2794 debent
1613 2751 1780 2804 quomi-

232 2851 313 2880 nus
333 2836 376 2879 in
400 2836 535 2879 Deum
558 2836 826 2878 confidamus
848 2835 918 2887 (ΙΙ,
942 2835 1034 2878 302.
1063 2835 1133 2887 ΙΙΙ,
1162 2835 1269 2887 110),
1299 2835 1371 2887 qui
1404 2835 1595 2888 providit
1626 2849 1679 2877 ne
1711 2835 1778 2878 cui

229 2920 477 2964 mortalium
495 2920 537 2962 in
566 2920 644 2962 hac
668 2919 753 2962 vita
773 2920 897 2962 venia
929 2919 1205 2972 desperanda
1233 2919 1288 2962 sit
1309 2919 1379 2970 (ΙΙ,
1403 2920 1487 2970 24).
1524 2919 1657 2961 imino
1692 2932 1778 2972 quo

230 3009 484 3053 humiliores
521 3008 563 3050 in
603 3007 729 3050 nobis
767 3008 993 3057 fuerimuS,
1033 3021 1085 3050 eo
1115 3007 1254 3050 maior
1297 3007 1584 3061 concipienda
1616 3008 1657 3050 in
1690 3007 1778 3051 Deo

230 3094 386 3137 fiducia
407 3093 477 3146 (Il,
500 3092 612 3145 341),
632 3099 674 3135 et
695 3093 1035 3145 exspectandum
1067 3100 1239 3145 tempus
1269 3092 1595 3135 miserationum
1620 3093 1713 3135 eius
1735 3093 1778 3136 in

231 3178 439 3232 patientia
469 3183 512 3220 et
542 3190 619 3230 spe
649 3176 721 3228 (ΙΙ,
754 3176 847 3219 296.
883 3176 953 3222 ΙΙΙ,
976 3176 1044 3229 21,
1070 3176 1262 3228 ’183-189,
1284 3175 1396 3229 237).
1423 3175 1575 3219 Nonne
1597 3176 1690 3230 ipse
1712 3183 1779 3220 est
