2315 3559
526 218 627 274 168
700 234 950 275 EPISTOLA
988 236 1036 275 R.
1080 237 1126 274 P.
1169 237 1221 276 N.
1263 237 1382 276 ANT.
1432 237 1557 277 MAR.
1605 238 1914 277 ANDERLEDY

525 379 830 449 imperandi
858 381 1209 437 alacritatem.
1238 382 1320 437 Fit
1346 365 1527 450 etiam,
1552 391 1611 436 ut
1637 401 1871 451 quorum
1899 383 2090 438 similis

526 488 605 536 est
648 480 884 549 habitus,
932 500 1120 537 eorum
1171 481 1334 536 etiam
1384 500 1491 536 non
1548 482 1846 537 dissideant
1899 483 2086 551 animi,

525 598 621 635 nec
671 581 973 635 voluntates
1017 599 1077 635 ac
1116 580 1294 635 studia
1344 580 1675 636 discordent.

595 680 871 735 Praeclare
910 679 1076 747 igitur
1120 681 1186 734 de
1229 679 1491 735 Societate
1537 688 1812 735 merentur
1856 681 1893 734 ii
1938 699 2093 749 supe-

526 779 714 847 rioreS,
762 779 959 849 quibus
1004 797 1163 834 curae
1208 788 1287 834 est
1334 797 1442 835 non
1492 780 1772 848 mediocri,
1826 782 1918 836 sed
1963 781 2093 836 assi-

525 882 681 949 duae,
741 889 800 935 ut
859 882 1016 948 hanc,
1087 897 1250 948 quam
1312 899 1342 935 a
1402 881 1452 936 S.
1508 882 1715 948 Ignatio
1778 881 2087 950 didicimus,

524 980 704 1036 Nostri
749 980 1052 1048 exhibeant,
1106 988 1155 1035 et
1217 987 1276 1034 ut
1336 980 1410 1035 ita
1460 980 1656 1048 dicam,
1710 980 2093 1035 circumferant

526 1080 739 1135 virtutis
778 1079 1013 1148 speciem
1053 1087 1215 1148 atque
1253 1079 1567 1147 imaginem.
1606 1080 1705 1144 Qui
1744 1080 1889 1135 enim
1929 1082 2093 1135 excel-

524 1182 641 1234 lunt
684 1179 968 1247 modestia,
1017 1198 1124 1234 non
1168 1179 1472 1234 communis
1516 1180 1801 1234 hominum
1846 1188 2088 1248 naturae,

524 1281 616 1335 sed
679 1278 887 1334 altioris
960 1279 1242 1335 cuiusdam
1305 1297 1419 1334 esse
1476 1279 1727 1334 videntur
1782 1280 2087 1348 participes

525 1381 633 1435 Hos
690 1379 903 1450 profani
955 1380 1118 1435 etiam
1174 1380 1423 1435 homines
1481 1379 1798 1448 suspiciunt,
1845 1380 1929 1434 his
1985 1398 2092 1435 non

524 1497 646 1535 raro
691 1498 746 1535 se
785 1480 929 1548 ipsos
974 1488 1026 1534 et
1074 1499 1169 1535 sua
1213 1481 1441 1535 credunt
1478 1480 1719 1548 consilia,
1762 1498 1821 1535 ac
1866 1498 2094 1549 propen-

523 1579 633 1634 sius
672 1597 728 1635 se
766 1581 896 1634 dant
923 1598 1138 1635 morum
1166 1579 1436 1635 honestati
1463 1598 1521 1634 ac
1549 1580 1755 1648 virtuti,
1786 1597 1949 1648 quam
1977 1597 2096 1648 per-

522 1681 731 1750 cipiunt
768 1681 1032 1749 sensibUS,
1075 1699 1239 1750 quam
1279 1681 1518 1736 sentiunt
1554 1689 1790 1749 aspectU,
1832 1681 2093 1750 cuiusque

523 1783 756 1838 formam
829 1789 881 1836 et
950 1781 1414 1851 pulchritudinem
1485 1789 1712 1836 cernunt
1789 1798 2092 1850 expressam

524 1883 787 1939 moribus

593 1985 666 2040 Ea
728 1986 794 2040 de
853 2002 1014 2040 causa
1075 1983 1169 2053 qui
1231 1984 1368 2037 hanc
1424 1982 1657 2052 speciem
1719 1990 1914 2050 gerunt
1974 1982 2097 2036 reli-

524 2085 663 2153 giosi
724 2084 982 2152 hominiS,
1048 2101 1304 2152 magnam
1355 2082 1607 2138 Societati
1657 2083 1874 2137 laudem
1918 2081 2096 2136 conci-

524 2185 656 2241 liare
700 2192 1115 2241 consueverunt.
1165 2184 1229 2238 Et
1272 2191 1458 2238 contra
1496 2182 1591 2251 qui
1630 2183 1737 2237 Deo
1783 2182 1918 2236 sacri
1963 2181 2094 2235 dum

524 2292 667 2352 sunt,
720 2301 928 2340 sacram
979 2285 1126 2339 illam
1177 2291 1230 2338 et
1279 2282 1588 2350 religiosam
1649 2282 1758 2336 oris
1815 2289 1867 2336 et
1917 2282 2094 2335 vultus

525 2394 578 2442 et
620 2385 894 2441 actionum
939 2384 1259 2454 dignitatem
1300 2384 1572 2450 deserunt,
1615 2383 1680 2437 ad
1722 2398 1910 2437 eorum
1950 2398 2096 2435 acce—

526 2487 661 2542 dunt
727 2486 1161 2554 similitudinem,
1227 2501 1363 2553 quos
1419 2490 1820 2538 sacrosanctum
1876 2481 2096 2537 Triden-

526 2586 703 2642 tinum
753 2586 1051 2642 Concilium
1102 2583 1350 2639 homines
1405 2601 1520 2638 esse
1575 2582 1777 2637 iudicat
1819 2583 1979 2650 pedes
2034 2582 2095 2636 in

525 2687 756 2742 diversis
798 2692 1071 2754 ponente&
1124 2702 1300 2739 amem
1350 2684 1409 2739 in
1466 2683 1692 2749 divinis,
1747 2683 1982 2737 alterum
2034 2681 2095 2735 in

173 2792 283 2826 Trid·
295 2800 396 2826 sess·
408 2793 461 2826 14·
526 2786 859 2842 carnalibuS.

246 2843 279 2868 c.
292 2835 325 2868 6.
337 2834 390 2868 rr.

279 3208 365 3250 qua

596 2886 747 2951 Quod
787 2884 1061 2940 neminem
1106 2885 1252 2951 latet,
1300 2900 1465 2952 quam
1510 2882 1737 2950 dignum
1781 2887 2093 2949 contemptu

529 2987 777 3043 videatur
819 2984 1151 3052 hominibUS,
1199 3001 1363 3052 quam
1414 2982 1700 3051 indignum
1745 2979 1964 3035 nomine
2002 2997 2095 3034 no-

529 3094 660 3153 str0,
701 3102 866 3154 quam
911 3083 1235 3139 iniuriosum
1287 3081 1549 3137 Maiestati
1599 3080 1831 3136 divinae.

597 3185 682 3244 302.
738 3186 879 3241 Haec
928 3183 1021 3239 Dei
1082 3182 1384 3252 praesentia
1445 3181 1582 3236 ratio
1643 3179 1694 3235 S.
1757 3177 1941 3233 Ioanni
1993 3176 2092 3231 l'uit
