<?xml version="1.0" encoding="UTF-8"?>
<!DOCTYPE html PUBLIC "-//W3C//DTD XHTML 1.0 Transitional//EN"
    "http://www.w3.org/TR/xhtml1/DTD/xhtml1-transitional.dtd">
<html xmlns="http://www.w3.org/1999/xhtml" xml:lang="en" lang="en">
 <head>
  <title>
</title>
<meta http-equiv="Content-Type" content="text/html;charset=utf-8" />
  <meta name='ocr-system' content='tesseract 3.04.00' />
  <meta name='ocr-capabilities' content='ocr_page ocr_carea ocr_par ocr_line ocrx_word'/>
</head>
<body>
  <div class='ocr_page' id='page_1' title='image "./epistolaepraepos04jesu_0199.png"; bbox 0 0 2315 3559; ppageno 0'>
   <div class='ocr_carea' id='block_1_1' title="bbox 179 262 1695 327">
    <p class='ocr_par' dir='ltr' id='par_1_1' title="bbox 179 262 1695 327">
     <span class='ocr_line' id='line_1_1' title="bbox 179 262 1695 327; baseline 0 -10"><span class='ocrx_word' id='word_1_1' title='bbox 179 279 244 317; x_wconf 88' lang='lat' dir='ltr'>DE</span> <span class='ocrx_word' id='word_1_2' title='bbox 266 276 571 316; x_wconf 77' lang='lat' dir='ltr'><strong>REPETENDA</strong></span> <span class='ocrx_word' id='word_1_3' title='bbox 591 277 662 314; x_wconf 76' lang='lat' dir='ltr'>ss</span> <span class='ocrx_word' id='word_1_4' title='bbox 683 275 1050 327; x_wconf 82' lang='lat' dir='ltr'>PETR1,10ANN.</span> <span class='ocrx_word' id='word_1_5' title='bbox 1070 276 1299 316; x_wconf 82' lang='lat' dir='ltr'><strong>ETALPH.</strong></span> <span class='ocrx_word' id='word_1_6' title='bbox 1320 277 1560 316; x_wconf 72' lang='lat' dir='ltr'><strong>MEMORIA</strong></span> <span class='ocrx_word' id='word_1_7' title='bbox 1597 262 1695 317; x_wconf 81' lang='lat'>187</span> 
     </span>
    </p>
   </div>
   <div class='ocr_carea' id='block_1_2' title="bbox 134 420 1698 3279">
    <p class='ocr_par' dir='ltr' id='par_1_2' title="bbox 138 420 1698 1372">
     <span class='ocr_line' id='line_1_2' title="bbox 211 420 1698 477; baseline -0.001 -1"><span class='ocrx_word' id='word_1_8' title='bbox 211 420 486 477; x_wconf 86' lang='lat' dir='ltr'>Societatis</span> <span class='ocrx_word' id='word_1_9' title='bbox 537 428 716 475; x_wconf 92' lang='lat' dir='ltr'>autem</span> <span class='ocrx_word' id='word_1_10' title='bbox 762 421 1193 475; x_wconf 77' lang='lat' dir='ltr'>moderatoribus</span> <span class='ocrx_word' id='word_1_11' title='bbox 1244 421 1317 475; x_wconf 89' lang='lat' dir='ltr'>ita</span> <span class='ocrx_word' id='word_1_12' title='bbox 1367 421 1515 475; x_wconf 88' lang='lat' dir='ltr'>omni</span> <span class='ocrx_word' id='word_1_13' title='bbox 1565 429 1698 475; x_wconf 89' lang='lat' dir='ltr'>tem-</span> 
     </span>
     <span class='ocr_line' id='line_1_3' title="bbox 143 519 1695 590; baseline -0.002 -15"><span class='ocrx_word' id='word_1_14' title='bbox 143 539 272 590; x_wconf 94' lang='lat' dir='ltr'>pore</span> <span class='ocrx_word' id='word_1_15' title='bbox 327 538 381 575; x_wconf 91' lang='lat' dir='ltr'>se</span> <span class='ocrx_word' id='word_1_16' title='bbox 442 519 707 588; x_wconf 86' lang='lat' dir='ltr'>probavit,</span> <span class='ocrx_word' id='word_1_17' title='bbox 766 527 825 573; x_wconf 91' lang='lat' dir='ltr'>ut</span> <span class='ocrx_word' id='word_1_18' title='bbox 878 537 985 574; x_wconf 94' lang='lat' dir='ltr'>non</span> <span class='ocrx_word' id='word_1_19' title='bbox 1041 520 1203 573; x_wconf 91' lang='lat' dir='ltr'>modo</span> <span class='ocrx_word' id='word_1_20' title='bbox 1259 519 1314 573; x_wconf 92' lang='lat' dir='ltr'>in</span> <span class='ocrx_word' id='word_1_21' title='bbox 1375 537 1431 573; x_wconf 89' lang='lat' dir='ltr'>re</span> <span class='ocrx_word' id='word_1_22' title='bbox 1493 519 1695 573; x_wconf 85' lang='lat' dir='ltr'>difficili</span> 
     </span>
     <span class='ocr_line' id='line_1_4' title="bbox 142 618 1695 689; baseline -0.001 -14"><span class='ocrx_word' id='word_1_23' title='bbox 142 621 402 689; x_wconf 90' lang='lat' dir='ltr'>imperata</span> <span class='ocrx_word' id='word_1_24' title='bbox 465 621 660 674; x_wconf 90' lang='lat' dir='ltr'>faceret</span> <span class='ocrx_word' id='word_1_25' title='bbox 714 620 850 673; x_wconf 93' lang='lat' dir='ltr'>laeto</span> <span class='ocrx_word' id='word_1_26' title='bbox 906 619 1087 673; x_wconf 86' lang='lat' dir='ltr'>animo</span> <span class='ocrx_word' id='word_1_27' title='bbox 1143 627 1305 688; x_wconf 91' lang='lat' dir='ltr'>atque</span> <span class='ocrx_word' id='word_1_28' title='bbox 1365 618 1546 686; x_wconf 85' lang='lat' dir='ltr'>alacri,</span> <span class='ocrx_word' id='word_1_29' title='bbox 1605 621 1695 673; x_wconf 90' lang='lat' dir='ltr'>sed</span> 
     </span>
     <span class='ocr_line' id='line_1_5' title="bbox 142 718 1696 787; baseline -0.002 -13"><span class='ocrx_word' id='word_1_30' title='bbox 142 719 323 787; x_wconf 86' lang='lat' dir='ltr'>etiam,</span> <span class='ocrx_word' id='word_1_31' title='bbox 365 737 487 773; x_wconf 91' lang='lat' dir='ltr'>cum</span> <span class='ocrx_word' id='word_1_32' title='bbox 532 720 673 773; x_wconf 90' lang='lat' dir='ltr'>fama</span> <span class='ocrx_word' id='word_1_33' title='bbox 723 718 836 772; x_wconf 91' lang='lat' dir='ltr'>eius</span> <span class='ocrx_word' id='word_1_34' title='bbox 891 726 943 773; x_wconf 94' lang='lat' dir='ltr'>et</span> <span class='ocrx_word' id='word_1_35' title='bbox 996 719 1170 773; x_wconf 91' lang='lat' dir='ltr'>honor</span> <span class='ocrx_word' id='word_1_36' title='bbox 1218 726 1486 785; x_wconf 77' lang='lat' dir='ltr'>ageretur,</span> <span class='ocrx_word' id='word_1_37' title='bbox 1549 719 1696 772; x_wconf 91' lang='lat' dir='ltr'>nullo</span> 
     </span>
     <span class='ocr_line' id='line_1_6' title="bbox 141 817 1692 887; baseline -0.002 -13"><span class='ocrx_word' id='word_1_38' title='bbox 141 837 247 874; x_wconf 91' lang='lat' dir='ltr'>non</span> <span class='ocrx_word' id='word_1_39' title='bbox 285 826 528 887; x_wconf 92' lang='lat' dir='ltr'>tempore</span> <span class='ocrx_word' id='word_1_40' title='bbox 578 819 644 872; x_wconf 91' lang='lat' dir='ltr'>ad</span> <span class='ocrx_word' id='word_1_41' title='bbox 689 826 879 872; x_wconf 87' lang='lat' dir='ltr'>nutum</span> <span class='ocrx_word' id='word_1_42' title='bbox 926 835 1048 872; x_wconf 90' lang='lat' dir='ltr'>eum</span> <span class='ocrx_word' id='word_1_43' title='bbox 1093 817 1354 872; x_wconf 91' lang='lat' dir='ltr'>haberent</span> <span class='ocrx_word' id='word_1_44' title='bbox 1402 817 1692 886; x_wconf 73' lang='lat' dir='ltr'>praesides</span> 
     </span>
     <span class='ocr_line' id='line_1_7' title="bbox 141 917 1698 986; baseline -0.001 -12"><span class='ocrx_word' id='word_1_45' title='bbox 141 921 199 974; x_wconf 91' lang='lat' dir='ltr'>In</span> <span class='ocrx_word' id='word_1_46' title='bbox 253 919 497 974; x_wconf 92' lang='lat' dir='ltr'>omnium</span> <span class='ocrx_word' id='word_1_47' title='bbox 559 926 673 973; x_wconf 85' lang='lat' dir='ltr'>erat</span> <span class='ocrx_word' id='word_1_48' title='bbox 727 917 1084 973; x_wconf 77' lang='lat' dir='ltr'>admiratione</span> <span class='ocrx_word' id='word_1_49' title='bbox 1145 936 1204 972; x_wconf 91' lang='lat' dir='ltr'>ac</span> <span class='ocrx_word' id='word_1_50' title='bbox 1265 935 1403 972; x_wconf 87' lang='lat' dir='ltr'>nova</span> <span class='ocrx_word' id='word_1_51' title='bbox 1453 918 1698 986; x_wconf 87' lang='lat' dir='ltr'>patrabat</span> 
     </span>
     <span class='ocr_line' id='line_1_8' title="bbox 140 1018 1696 1087; baseline -0.001 -13"><span class='ocrx_word' id='word_1_52' title='bbox 140 1027 301 1087; x_wconf 93' lang='lat' dir='ltr'>atque</span> <span class='ocrx_word' id='word_1_53' title='bbox 373 1018 604 1072; x_wconf 91' lang='lat' dir='ltr'>insolita.</span> <span class='ocrx_word' id='word_1_54' title='bbox 687 1019 828 1073; x_wconf 89' lang='lat' dir='ltr'>Haec</span> <span class='ocrx_word' id='word_1_55' title='bbox 900 1036 1021 1072; x_wconf 90' lang='lat' dir='ltr'>cum</span> <span class='ocrx_word' id='word_1_56' title='bbox 1096 1018 1248 1073; x_wconf 90' lang='lat' dir='ltr'>facile</span> <span class='ocrx_word' id='word_1_57' title='bbox 1320 1019 1447 1072; x_wconf 94' lang='lat' dir='ltr'>dent</span> <span class='ocrx_word' id='word_1_58' title='bbox 1518 1019 1696 1073; x_wconf 90' lang='lat' dir='ltr'>locum</span> 
     </span>
     <span class='ocr_line' id='line_1_9' title="bbox 139 1116 1696 1185; baseline -0.001 -14"><span class='ocrx_word' id='word_1_59' title='bbox 139 1116 431 1185; x_wconf 90' lang='lat' dir='ltr'>suspicioni</span> <span class='ocrx_word' id='word_1_60' title='bbox 491 1116 704 1170; x_wconf 93' lang='lat' dir='ltr'>latentis</span> <span class='ocrx_word' id='word_1_61' title='bbox 766 1116 983 1184; x_wconf 79' lang='lat' dir='ltr'>erroriS,</span> <span class='ocrx_word' id='word_1_62' title='bbox 1048 1116 1259 1184; x_wconf 80' lang='lat' dir='ltr'>collegii</span> <span class='ocrx_word' id='word_1_63' title='bbox 1337 1117 1549 1183; x_wconf 86' lang='lat' dir='ltr'>Rector,</span> <span class='ocrx_word' id='word_1_64' title='bbox 1614 1116 1696 1170; x_wconf 89' lang='lat' dir='ltr'>sui</span> 
     </span>
     <span class='ocr_line' id='line_1_10' title="bbox 138 1216 1698 1285; baseline 0 -14"><span class='ocrx_word' id='word_1_65' title='bbox 138 1216 376 1272; x_wconf 92' lang='lat' dir='ltr'>muneris</span> <span class='ocrx_word' id='word_1_66' title='bbox 411 1234 524 1271; x_wconf 91' lang='lat' dir='ltr'>esse</span> <span class='ocrx_word' id='word_1_67' title='bbox 564 1217 804 1285; x_wconf 85' lang='lat' dir='ltr'>putabat,</span> <span class='ocrx_word' id='word_1_68' title='bbox 852 1217 966 1271; x_wconf 91' lang='lat' dir='ltr'>eius</span> <span class='ocrx_word' id='word_1_69' title='bbox 1005 1225 1211 1271; x_wconf 88' lang='lat' dir='ltr'>tentare</span> <span class='ocrx_word' id='word_1_70' title='bbox 1251 1217 1527 1284; x_wconf 87' lang='lat' dir='ltr'>virtutem,</span> <span class='ocrx_word' id='word_1_71' title='bbox 1564 1234 1698 1285; x_wconf 90' lang='lat' dir='ltr'>quo-</span> 
     </span>
     <span class='ocr_line' id='line_1_11' title="bbox 138 1316 839 1372; baseline -0.001 -1"><span class='ocrx_word' id='word_1_72' title='bbox 138 1316 275 1372; x_wconf 83' lang='lat' dir='ltr'>tiens</span> <span class='ocrx_word' id='word_1_73' title='bbox 325 1334 380 1371; x_wconf 93' lang='lat' dir='ltr'>se</span> <span class='ocrx_word' id='word_1_74' title='bbox 419 1317 571 1371; x_wconf 93' lang='lat' dir='ltr'>daret</span> <span class='ocrx_word' id='word_1_75' title='bbox 614 1316 839 1370; x_wconf 78' lang='lat' dir='ltr'>occasio,</span> 
     </span>
    </p>

    <p class='ocr_par' dir='ltr' id='par_1_3' title="bbox 136 1415 1696 2182">
     <span class='ocr_line' id='line_1_12' title="bbox 205 1415 1696 1479; baseline 0 -10"><span class='ocrx_word' id='word_1_76' title='bbox 205 1415 288 1470; x_wconf 72' lang='lat'><strong>021.</strong></span> <span class='ocrx_word' id='word_1_77' title='bbox 343 1415 515 1479; x_wconf 83' lang='lat' dir='ltr'>Quare</span> <span class='ocrx_word' id='word_1_78' title='bbox 565 1433 672 1469; x_wconf 91' lang='lat' dir='ltr'>non</span> <span class='ocrx_word' id='word_1_79' title='bbox 729 1417 892 1470; x_wconf 92' lang='lat' dir='ltr'>semel</span> <span class='ocrx_word' id='word_1_80' title='bbox 947 1422 1074 1470; x_wconf 89' lang='lat' dir='ltr'>nota</span> <span class='ocrx_word' id='word_1_81' title='bbox 1129 1415 1305 1469; x_wconf 89' lang='lat' dir='ltr'>inusta</span> <span class='ocrx_word' id='word_1_82' title='bbox 1356 1423 1436 1470; x_wconf 90' lang='lat' dir='ltr'>est</span> <span class='ocrx_word' id='word_1_83' title='bbox 1506 1415 1696 1470; x_wconf 93' lang='lat' dir='ltr'>imme-</span> 
     </span>
     <span class='ocr_line' id='line_1_13' title="bbox 138 1514 1695 1583; baseline 0.001 -15"><span class='ocrx_word' id='word_1_84' title='bbox 138 1515 295 1583; x_wconf 86' lang='lat' dir='ltr'>renti,</span> <span class='ocrx_word' id='word_1_85' title='bbox 343 1515 761 1583; x_wconf 79' lang='lat' dir='ltr'>frequentesque</span> <span class='ocrx_word' id='word_1_86' title='bbox 804 1514 853 1570; x_wconf 90' lang='lat' dir='ltr'>ei</span> <span class='ocrx_word' id='word_1_87' title='bbox 900 1514 1320 1583; x_wconf 86' lang='lat' dir='ltr'>vituperationes</span> <span class='ocrx_word' id='word_1_88' title='bbox 1366 1522 1518 1569; x_wconf 90' lang='lat' dir='ltr'>erant</span> <span class='ocrx_word' id='word_1_89' title='bbox 1574 1515 1695 1569; x_wconf 87' lang='lat' dir='ltr'>sub-</span> 
     </span>
     <span class='ocr_line' id='line_1_14' title="bbox 137 1612 1696 1682; baseline 0 -15"><span class='ocrx_word' id='word_1_90' title='bbox 137 1613 362 1681; x_wconf 88' lang='lat' dir='ltr'>eundae,</span> <span class='ocrx_word' id='word_1_91' title='bbox 427 1631 559 1682; x_wconf 89' lang='lat' dir='ltr'>quas</span> <span class='ocrx_word' id='word_1_92' title='bbox 617 1612 754 1667; x_wconf 86' lang='lat' dir='ltr'>mira</span> <span class='ocrx_word' id='word_1_93' title='bbox 814 1613 981 1667; x_wconf 91' lang='lat' dir='ltr'>animi</span> <span class='ocrx_word' id='word_1_94' title='bbox 1038 1631 1145 1667; x_wconf 91' lang='lat' dir='ltr'>non</span> <span class='ocrx_word' id='word_1_95' title='bbox 1208 1614 1381 1667; x_wconf 93' lang='lat' dir='ltr'>solum</span> <span class='ocrx_word' id='word_1_96' title='bbox 1432 1613 1696 1682; x_wconf 88' lang='lat' dir='ltr'>tranquil—</span> 
     </span>
     <span class='ocr_line' id='line_1_15' title="bbox 136 1712 1693 1781; baseline 0 -15"><span class='ocrx_word' id='word_1_97' title='bbox 136 1713 285 1767; x_wconf 89' lang='lat' dir='ltr'>litate</span> <span class='ocrx_word' id='word_1_98' title='bbox 329 1713 422 1767; x_wconf 92' lang='lat' dir='ltr'>sed</span> <span class='ocrx_word' id='word_1_99' title='bbox 468 1712 630 1767; x_wconf 92' lang='lat' dir='ltr'>etiam</span> <span class='ocrx_word' id='word_1_100' title='bbox 682 1712 884 1766; x_wconf 83' lang='lat' dir='ltr'>laetitia</span> <span class='ocrx_word' id='word_1_101' title='bbox 930 1712 1243 1780; x_wconf 76' lang='lat' dir='ltr'>excipiebat.</span> <span class='ocrx_word' id='word_1_102' title='bbox 1286 1712 1516 1781; x_wconf 85' lang='lat' dir='ltr'>Optabat</span> <span class='ocrx_word' id='word_1_103' title='bbox 1549 1712 1693 1766; x_wconf 92' lang='lat' dir='ltr'>enim</span> 
     </span>
     <span class='ocr_line' id='line_1_16' title="bbox 136 1813 1690 1882; baseline 0 -15"><span class='ocrx_word' id='word_1_104' title='bbox 136 1813 229 1868; x_wconf 90' lang='lat' dir='ltr'>Dei</span> <span class='ocrx_word' id='word_1_105' title='bbox 255 1831 459 1882; x_wconf 81' lang='lat' dir='ltr'>servus,</span> <span class='ocrx_word' id='word_1_106' title='bbox 491 1813 584 1882; x_wconf 93' lang='lat' dir='ltr'>qui</span> <span class='ocrx_word' id='word_1_107' title='bbox 619 1815 826 1868; x_wconf 90' lang='lat' dir='ltr'>nullum</span> <span class='ocrx_word' id='word_1_108' title='bbox 865 1814 1169 1882; x_wconf 90' lang='lat' dir='ltr'>patiebatur</span> <span class='ocrx_word' id='word_1_109' title='bbox 1206 1813 1499 1882; x_wconf 88' lang='lat' dir='ltr'>praeterire</span> <span class='ocrx_word' id='word_1_110' title='bbox 1527 1813 1690 1880; x_wconf 88' lang='lat' dir='ltr'>diem,</span> 
     </span>
     <span class='ocr_line' id='line_1_17' title="bbox 136 1913 1694 1982; baseline 0 -15"><span class='ocrx_word' id='word_1_111' title='bbox 136 1913 268 1981; x_wconf 91' lang='lat' dir='ltr'>quin</span> <span class='ocrx_word' id='word_1_112' title='bbox 311 1913 527 1968; x_wconf 90' lang='lat' dir='ltr'>heroica</span> <span class='ocrx_word' id='word_1_113' title='bbox 577 1914 758 1968; x_wconf 87' lang='lat' dir='ltr'>ederet</span> <span class='ocrx_word' id='word_1_114' title='bbox 801 1914 1038 1968; x_wconf 86' lang='lat' dir='ltr'>caritatis</span> <span class='ocrx_word' id='word_1_115' title='bbox 1082 1932 1142 1969; x_wconf 89' lang='lat' dir='ltr'>ac</span> <span class='ocrx_word' id='word_1_116' title='bbox 1186 1914 1268 1968; x_wconf 91' lang='lat' dir='ltr'>sui</span> <span class='ocrx_word' id='word_1_117' title='bbox 1314 1913 1694 1982; x_wconf 88' lang='lat' dir='ltr'>despicientiae</span> 
     </span>
     <span class='ocr_line' id='line_1_18' title="bbox 137 2013 1696 2082; baseline 0.001 -16"><span class='ocrx_word' id='word_1_118' title='bbox 137 2014 395 2081; x_wconf 82' lang='lat' dir='ltr'>exempla,</span> <span class='ocrx_word' id='word_1_119' title='bbox 454 2013 660 2082; x_wconf 87' lang='lat' dir='ltr'>culpari</span> <span class='ocrx_word' id='word_1_120' title='bbox 715 2014 781 2068; x_wconf 91' lang='lat' dir='ltr'>ab</span> <span class='ocrx_word' id='word_1_121' title='bbox 837 2014 1148 2068; x_wconf 87' lang='lat' dir='ltr'>hominibus</span> <span class='ocrx_word' id='word_1_122' title='bbox 1199 2021 1360 2082; x_wconf 92' lang='lat' dir='ltr'>atque</span> <span class='ocrx_word' id='word_1_123' title='bbox 1415 2020 1538 2068; x_wconf 90' lang='lat' dir='ltr'>ante</span> <span class='ocrx_word' id='word_1_124' title='bbox 1582 2030 1696 2068; x_wconf 94' lang='lat' dir='ltr'>om-</span> 
     </span>
     <span class='ocr_line' id='line_1_19' title="bbox 136 2111 913 2182; baseline 0.004 -17"><span class='ocrx_word' id='word_1_125' title='bbox 136 2111 288 2166; x_wconf 89' lang='lat' dir='ltr'>nium</span> <span class='ocrx_word' id='word_1_126' title='bbox 339 2114 520 2167; x_wconf 92' lang='lat' dir='ltr'>oculos</span> <span class='ocrx_word' id='word_1_127' title='bbox 571 2114 913 2182; x_wconf 88' lang='lat' dir='ltr'>reprehendi.</span> 
     </span>
    </p>

    <p class='ocr_par' dir='ltr' id='par_1_4' title="bbox 134 2210 1697 3164">
     <span class='ocr_line' id='line_1_20' title="bbox 204 2210 1697 2282; baseline 0.001 -17"><span class='ocrx_word' id='word_1_128' title='bbox 204 2210 553 2266; x_wconf 84' lang='lat' dir='ltr'>Severissima</span> <span class='ocrx_word' id='word_1_129' title='bbox 614 2213 759 2267; x_wconf 87' lang='lat' dir='ltr'>enirn</span> <span class='ocrx_word' id='word_1_130' title='bbox 821 2213 923 2267; x_wconf 90' lang='lat' dir='ltr'>sibi</span> <span class='ocrx_word' id='word_1_131' title='bbox 985 2214 1039 2267; x_wconf 89' lang='lat' dir='ltr'>in</span> <span class='ocrx_word' id='word_1_132' title='bbox 1101 2215 1202 2268; x_wconf 92' lang='lat' dir='ltr'>hoc</span> <span class='ocrx_word' id='word_1_133' title='bbox 1256 2231 1452 2282; x_wconf 83' lang='lat' dir='ltr'>genere</span> <span class='ocrx_word' id='word_1_134' title='bbox 1502 2212 1697 2267; x_wconf 92' lang='lat' dir='ltr'>consti-</span> 
     </span>
     <span class='ocr_line' id='line_1_21' title="bbox 136 2311 1696 2381; baseline 0.001 -17"><span class='ocrx_word' id='word_1_135' title='bbox 136 2318 312 2365; x_wconf 90' lang='lat' dir='ltr'>tuerat</span> <span class='ocrx_word' id='word_1_136' title='bbox 359 2311 500 2366; x_wconf 84' lang='lat' dir='ltr'>vitae</span> <span class='ocrx_word' id='word_1_137' title='bbox 556 2321 855 2381; x_wconf 89' lang='lat' dir='ltr'>praecepta.</span> <span class='ocrx_word' id='word_1_138' title='bbox 911 2313 1199 2368; x_wconf 86' lang='lat' dir='ltr'>Hominem</span> <span class='ocrx_word' id='word_1_139' title='bbox 1255 2312 1337 2367; x_wconf 90' lang='lat' dir='ltr'>sui</span> <span class='ocrx_word' id='word_1_140' title='bbox 1400 2312 1696 2381; x_wconf 92' lang='lat' dir='ltr'>despicien-</span> 
     </span>
     <span class='ocr_line' id='line_1_22' title="bbox 136 2411 1693 2482; baseline 0.002 -18"><span class='ocrx_word' id='word_1_141' title='bbox 136 2417 245 2465; x_wconf 88' lang='lat' dir='ltr'>tem</span> <span class='ocrx_word' id='word_1_142' title='bbox 319 2411 580 2466; x_wconf 86' lang='lat' dir='ltr'>sentiebat</span> <span class='ocrx_word' id='word_1_143' title='bbox 640 2412 693 2466; x_wconf 92' lang='lat' dir='ltr'>id</span> <span class='ocrx_word' id='word_1_144' title='bbox 755 2430 932 2480; x_wconf 82' lang='lat' dir='ltr'>agere,</span> <span class='ocrx_word' id='word_1_145' title='bbox 996 2421 1055 2467; x_wconf 86' lang='lat' dir='ltr'>ut</span> <span class='ocrx_word' id='word_1_146' title='bbox 1125 2420 1437 2482; x_wconf 88' lang='lat' dir='ltr'>contemptu</span> <span class='ocrx_word' id='word_1_147' title='bbox 1499 2412 1693 2480; x_wconf 80' lang='lat' dir='ltr'>dignus</span> 
     </span>
     <span class='ocr_line' id='line_1_23' title="bbox 137 2510 1696 2581; baseline 0.002 -17"><span class='ocrx_word' id='word_1_148' title='bbox 137 2510 299 2565; x_wconf 92' lang='lat' dir='ltr'>etiam</span> <span class='ocrx_word' id='word_1_149' title='bbox 343 2519 615 2579; x_wconf 84' lang='lat' dir='ltr'>appareat,</span> <span class='ocrx_word' id='word_1_150' title='bbox 654 2520 815 2580; x_wconf 87' lang='lat' dir='ltr'>atque</span> <span class='ocrx_word' id='word_1_151' title='bbox 860 2520 1045 2581; x_wconf 88' lang='lat' dir='ltr'>optare</span> <span class='ocrx_word' id='word_1_152' title='bbox 1083 2521 1142 2567; x_wconf 90' lang='lat' dir='ltr'>ut</span> <span class='ocrx_word' id='word_1_153' title='bbox 1190 2530 1376 2568; x_wconf 89' lang='lat' dir='ltr'>omnes</span> <span class='ocrx_word' id='word_1_154' title='bbox 1415 2530 1470 2567; x_wconf 95' lang='lat' dir='ltr'>se</span> <span class='ocrx_word' id='word_1_155' title='bbox 1517 2514 1696 2580; x_wconf 84' lang='lat' dir='ltr'>negle-</span> 
     </span>
     <span class='ocr_line' id='line_1_24' title="bbox 134 2610 1695 2681; baseline 0.001 -17"><span class='ocrx_word' id='word_1_156' title='bbox 134 2619 281 2679; x_wconf 80' lang='lat' dir='ltr'>gant,</span> <span class='ocrx_word' id='word_1_157' title='bbox 330 2610 629 2679; x_wconf 79' lang='lat' dir='ltr'>despiciant</span> <span class='ocrx_word' id='word_1_158' title='bbox 677 2630 738 2666; x_wconf 89' lang='lat' dir='ltr'>ac</span> <span class='ocrx_word' id='word_1_159' title='bbox 781 2614 920 2667; x_wconf 93' lang='lat' dir='ltr'>male</span> <span class='ocrx_word' id='word_1_160' title='bbox 968 2613 1219 2681; x_wconf 89' lang='lat' dir='ltr'>habeant,</span> <span class='ocrx_word' id='word_1_161' title='bbox 1273 2613 1577 2680; x_wconf 88' lang='lat' dir='ltr'>iisdemque</span> <span class='ocrx_word' id='word_1_162' title='bbox 1627 2612 1695 2666; x_wconf 92' lang='lat' dir='ltr'>sit</span> 
     </span>
     <span class='ocr_line' id='line_1_25' title="bbox 136 2712 1689 2779; baseline 0.002 -15"><span class='ocrx_word' id='word_1_163' title='bbox 136 2728 471 2779; x_wconf 90' lang='lat' dir='ltr'>persuasum,</span> <span class='ocrx_word' id='word_1_164' title='bbox 520 2729 573 2765; x_wconf 92' lang='lat' dir='ltr'>se</span> <span class='ocrx_word' id='word_1_165' title='bbox 623 2712 755 2765; x_wconf 90' lang='lat' dir='ltr'>haec</span> <span class='ocrx_word' id='word_1_166' title='bbox 797 2713 1027 2767; x_wconf 87' lang='lat' dir='ltr'>tolerare</span> <span class='ocrx_word' id='word_1_167' title='bbox 1076 2730 1183 2767; x_wconf 91' lang='lat' dir='ltr'>non</span> <span class='ocrx_word' id='word_1_168' title='bbox 1228 2712 1441 2767; x_wconf 86' lang='lat' dir='ltr'>virtutis</span> <span class='ocrx_word' id='word_1_169' title='bbox 1492 2712 1689 2779; x_wconf 86' lang='lat' dir='ltr'>studiO,</span> 
     </span>
     <span class='ocr_line' id='line_1_26' title="bbox 136 2811 1692 2881; baseline 0.003 -18"><span class='ocrx_word' id='word_1_170' title='bbox 136 2811 228 2864; x_wconf 94' lang='lat' dir='ltr'>sed</span> <span class='ocrx_word' id='word_1_171' title='bbox 289 2828 350 2864; x_wconf 80' lang='lat' dir='ltr'>ex</span> <span class='ocrx_word' id='word_1_172' title='bbox 410 2811 521 2878; x_wconf 87' lang='lat' dir='ltr'>vili,</span> <span class='ocrx_word' id='word_1_173' title='bbox 586 2819 812 2878; x_wconf 81' lang='lat' dir='ltr'>angusto</span> <span class='ocrx_word' id='word_1_174' title='bbox 873 2812 1189 2881; x_wconf 90' lang='lat' dir='ltr'>abiectoque</span> <span class='ocrx_word' id='word_1_175' title='bbox 1261 2813 1458 2868; x_wconf 89' lang='lat' dir='ltr'>animo.</span> <span class='ocrx_word' id='word_1_176' title='bbox 1521 2813 1692 2877; x_wconf 91' lang='lat' dir='ltr'>Quare</span> 
     </span>
     <span class='ocr_line' id='line_1_27' title="bbox 136 2911 1689 2982; baseline 0.001 -18"><span class='ocrx_word' id='word_1_177' title='bbox 136 2927 257 2965; x_wconf 90' lang='lat' dir='ltr'>cum</span> <span class='ocrx_word' id='word_1_178' title='bbox 303 2911 717 2978; x_wconf 87' lang='lat' dir='ltr'>contemnimur,</span> <span class='ocrx_word' id='word_1_179' title='bbox 765 2912 958 2980; x_wconf 87' lang='lat' dir='ltr'>aiebat,</span> <span class='ocrx_word' id='word_1_180' title='bbox 1000 2913 1054 2967; x_wconf 91' lang='lat' dir='ltr'>id</span> <span class='ocrx_word' id='word_1_181' title='bbox 1093 2931 1288 2982; x_wconf 90' lang='lat' dir='ltr'>cupere</span> <span class='ocrx_word' id='word_1_182' title='bbox 1337 2931 1550 2968; x_wconf 90' lang='lat' dir='ltr'>necesse</span> <span class='ocrx_word' id='word_1_183' title='bbox 1593 2921 1689 2980; x_wconf 93' lang='lat' dir='ltr'>est,</span> 
     </span>
     <span class='ocr_line' id='line_1_28' title="bbox 135 3010 1693 3080; baseline 0.001 -16"><span class='ocrx_word' id='word_1_184' title='bbox 135 3018 194 3064; x_wconf 92' lang='lat' dir='ltr'>ut</span> <span class='ocrx_word' id='word_1_185' title='bbox 231 3010 435 3078; x_wconf 88' lang='lat' dir='ltr'>pudore</span> <span class='ocrx_word' id='word_1_186' title='bbox 480 3010 687 3078; x_wconf 82' lang='lat' dir='ltr'>suffusi,</span> <span class='ocrx_word' id='word_1_187' title='bbox 736 3011 888 3065; x_wconf 84' lang='lat' dir='ltr'>fracti</span> <span class='ocrx_word' id='word_1_188' title='bbox 932 3011 1114 3066; x_wconf 90' lang='lat' dir='ltr'>animo</span> <span class='ocrx_word' id='word_1_189' title='bbox 1153 3020 1313 3080; x_wconf 90' lang='lat' dir='ltr'>atque</span> <span class='ocrx_word' id='word_1_190' title='bbox 1358 3012 1540 3067; x_wconf 87' lang='lat' dir='ltr'>afflicti</span> <span class='ocrx_word' id='word_1_191' title='bbox 1579 3029 1693 3066; x_wconf 88' lang='lat' dir='ltr'>esse</span> 
     </span>
     <span class='ocr_line' id='line_1_29' title="bbox 138 3109 436 3164; baseline 0.003 -2"><span class='ocrx_word' id='word_1_192' title='bbox 138 3109 436 3164; x_wconf 89' lang='lat' dir='ltr'>videamur.</span> 
     </span>
    </p>

    <p class='ocr_par' dir='ltr' id='par_1_5' title="bbox 211 3208 1696 3279">
     <span class='ocr_line' id='line_1_30' title="bbox 211 3208 1696 3279; baseline 0.001 -17"><span class='ocrx_word' id='word_1_193' title='bbox 211 3208 388 3262; x_wconf 89' lang='lat' dir='ltr'>Iussus</span> <span class='ocrx_word' id='word_1_194' title='bbox 450 3208 760 3278; x_wconf 84' lang='lat' dir='ltr'>aliquandO,</span> <span class='ocrx_word' id='word_1_195' title='bbox 820 3226 941 3263; x_wconf 90' lang='lat' dir='ltr'>cum</span> <span class='ocrx_word' id='word_1_196' title='bbox 1003 3210 1477 3279; x_wconf 92' lang='lat' dir='ltr'>reprehensionem</span> <span class='ocrx_word' id='word_1_197' title='bbox 1540 3208 1696 3264; x_wconf 91' lang='lat' dir='ltr'>susti-</span> 
     </span>
    </p>
   </div>
   <div class='ocr_carea' id='block_1_3' title="bbox 1778 1434 2027 1591">
    <p class='ocr_par' dir='ltr' id='par_1_6' title="bbox 1778 1434 2027 1591">
     <span class='ocr_line' id='line_1_31' title="bbox 1820 1434 1986 1472; baseline 0 0"><span class='ocrx_word' id='word_1_198' title='bbox 1820 1434 1986 1472; x_wconf 82' lang='lat' dir='ltr'>tentata</span> 
     </span>
     <span class='ocr_line' id='line_1_32' title="bbox 1778 1483 2027 1537; baseline -0.004 -9"><span class='ocrx_word' id='word_1_199' title='bbox 1778 1499 1803 1528; x_wconf 84' lang='lat' dir='ltr'>a</span> <span class='ocrx_word' id='word_1_200' title='bbox 1823 1483 2027 1537; x_wconf 90' lang='lat' dir='ltr'>Superio-</span> 
     </span>
     <span class='ocr_line' id='line_1_33' title="bbox 1825 1538 1970 1591; baseline 0.007 -9"><span class='ocrx_word' id='word_1_201' title='bbox 1825 1538 1948 1583; x_wconf 87' lang='lat' dir='ltr'>ribus</span> <span class='ocrx_word' id='word_1_202' title='bbox 1961 1552 1970 1591; x_wconf 84' lang='lat'><em>3</em></span> 
     </span>
    </p>
   </div>
  </div>
 </body>
</html>
