2315 3559
570 209 617 246 R.
662 208 707 245 Ρ.
749 209 800 245 Ν.
844 207 1122 244 LAURENTII
1164 206 1295 244 mccl
1604 191 1698 246 381

154 421 234 475 IV.
265 437 330 474 AD
358 437 551 475 PATREs
578 437 640 474 ET
678 436 907 474 FRATRES
946 436 1260 486 socmTATIS,
1302 419 1369 474 13
1404 437 1527 473 nov.
1569 421 1705 475 ‘1763

324 552 400 605 De
425 551 654 619 ferventi
681 551 739 604 in
766 550 1102 604 orationibus
1121 551 1526 617 perseverantia

579 669 749 735 (Tom.
783 669 846 735 II,
878 687 967 736 pp.
998 667 1270 735 3277-0291.)

174 819 256 863 1-2.
283 819 601 863 Perseverante
634 818 930 872 tribulatione,
964 831 1257 873 perseverare
1288 817 1420 862 debet
1439 818 1483 861 in
1505 817 1704 862 oratione

253 904 418 958 servor,
457 903 558 957 quia
593 916 617 946 a
652 902 741 946 Deo
777 903 1024 947 immittitur
1058 902 1294 955 calamitas,
1330 902 1454 946 cuius
1490 901 1703 946 voluntati

253 988 571 1033 conformanda
592 994 757 1032 nostra.

165 1074 251 1119 3-4.
275 1074 374 1128 Sed,
397 1079 446 1118 ut
465 1074 571 1118 haec
605 1074 890 1118 conformitas
921 1087 1010 1117 non
1041 1074 1199 1117 minuit
1229 1072 1394 1116 doloris
1427 1085 1621 1125 sensum,
1645 1071 1704 1115 ita

248 1174 330 1204 nec
352 1159 406 1204 de
430 1160 609 1204 fervore
634 1160 845 1204 orationis
869 1160 1105 1214 quicquam
1128 1159 1362 1203 detrahere
1391 1157 1536 1202 debet.

132 1247 244 1293 5-10.
268 1247 412 1300 Quare
429 1247 753 1291 continuandae
769 1247 982 1291 hactenus
998 1246 1300 1300 praescriptae
1317 1258 1491 1299 preces,
1512 1258 1698 1298 quarum

247 1348 353 1378 usus
376 1347 516 1388 aeque
537 1333 690 1386 facilis,
714 1333 831 1377 utilis
854 1339 897 1377 et
918 1332 1088 1385 suavis3
1114 1338 1157 1376 et
1177 1331 1543 1376 communiendae
1575 1344 1699 1375 sanc-

248 1420 369 1463 titate
403 1433 576 1463 morum
613 1433 700 1473 qua
735 1419 873 1463 oratio
909 1419 956 1463 fit
990 1418 1156 1471 efficax,
1194 1424 1238 1462 et
1275 1417 1550 1472 perfectione
1585 1416 1699 1461 vitae

248 1504 365 1548 iuxta
387 1511 561 1548 nostras
585 1504 776 1558 regulas.

138 1591 277 1635 11-19.
311 1591 418 1635 Tres
448 1591 690 1645 praecipue
721 1590 1096 1635 commendandae
1129 1590 1313 1634 virtutes
1339 1604 1347 1633 :
1379 1591 1420 1632 10
1452 1588 1696 1643 Humssstas,

248 1692 334 1731 qua
380 1678 578 1731 privatus
627 1678 770 1721 honor
815 1677 1127 1729 contemnitur,
1176 1676 1427 1720 defenditur
1471 1675 1698 1719 Societatis

247 1763 396 1816 decus,
422 1769 467 1806 et
485 1769 776 1816 promovetur
797 1762 937 1815 gloria
958 1761 1050 1806 Dei.

244 1848 288 1891 ⁹20
330 1848 583 1902 Paupertas,
624 1848 866 1892 imitatione
912 1847 1069 1891 Christi
1116 1846 1384 1901 experiendo
1433 1847 1562 1891 etiam
1603 1846 1696 1890 eius

245 1934 443 1989 effectus,
469 1940 511 1978 et
531 1934 709 1988 regulas
732 1934 785 1978 de
807 1934 879 1977 illa
898 1934 1097 1988 perfecte
1119 1933 1354 1978 servando.

243 2020 287 2064 30
321 2020 625 2075 Ohoedientia,
658 2019 831 2074 qualem
868 2020 1016 2064 docuit
1049 2020 1090 2063 S.
1116 2019 1161 2063 P.
1185 2019 1234 2063 N.
1260 2026 1303 2064 et
1336 2019 1564 2063 Societatis
1595 2032 1695 2063 esse

245 2107 381 2152 voluit
420 2107 594 2161 signum
632 2107 879 2162 proprium,
903 2107 947 2150 in
975 2107 1128 2161 primis
1161 2121 1260 2150 cum
1301 2106 1405 2160 quid
1447 2106 1641 2150 occurrit
1671 2119 1695 2148 a

243 2194 492 2248 Superioris
515 2194 734 2237 sententia
755 2193 993 2237 diversum.

130 2278 271 2324 20-024.
297 2278 389 2322 Alia
411 2279 452 2323 S.
474 2279 518 2322 P.
538 2278 587 2322 N.
609 2278 873 2322 documenta
895 2285 938 2322 et
957 2278 1241 2323 incitamenta
1262 2277 1422 2332 quibus
1444 2291 1525 2321 nos
1547 2277 1695 2321 docuit

243 2364 454 2409 oboedire
481 2364 792 2419 Superioribus
825 2370 1047 2418 tamquam
1079 2363 1186 2418 Deo,
1210 2370 1253 2408 et
1273 2363 1326 2407 ad
1347 2363 1462 2407 idem
1493 2364 1694 2407 hortatur

248 2466 271 2496 e
294 2451 431 2495 caelo.
457 2450 703 2495 Conclusio.

271 2588 329 2642 V.
360 2604 425 2641 AD
453 2603 826 2642 PRoleclALEs
860 2603 1174 2655 SOCIETATIS,
1197 2587 1264 2642 16
1284 2587 1390 2641 ian.
1421 2586 1556 2641 1765

133 2708 209 2762 De
245 2708 647 2774 confirmatione
688 2708 940 2762 Instituti
982 2708 1123 2776 facta
1166 2725 1200 2761 a
1244 2707 1510 2762 Clemente
1552 2706 1696 2761 XIII

566 2827 736 2893 (Tom.
769 2827 833 2894 ll,
863 2844 952 2895 pp.
983 2826 1256 2894 292-294.)

160 2978 248 3021 1-4.
272 2977 437 3022 Novam
470 2977 658 3021 Instituti
690 2977 1065 3022 confirmationem
1100 2978 1366 3032 excipiamus
1401 2991 1499 3020 cum
1532 2976 1689 3030 gratia-

245 3079 342 3108 rum
393 3064 566 3108 actione
606 3069 650 3108 et
686 3064 943 3118 humilitate,
991 3064 1085 3108 eius
1130 3065 1262 3108 finem
1303 3070 1346 3108 et
1382 3063 1526 3107 media
1572 3076 1687 3106 novo

241 3151 401 3195 ardore
432 3150 764 3204 amplectentes,
788 3155 831 3194 et
851 3150 997 3194 devoti
1029 3164 1136 3204 erga
1163 3164 1381 3194 summum
1416 3148 1684 3202 Pontificem,

239 3249 322 3291 pro
344 3249 431 3291 quo
451 3235 819 3291 praescribuntur
836 3249 1010 3290 preces.
