2315 3559
570 211 675 268 356
997 228 1316 269 summam-M
1357 226 1719 268 EPISTOLARUM

564 1576 629 1621 10.

679 373 845 418 fervor.
865 373 974 418 Male
990 374 1277 418 mortificatos
1298 388 1422 428 vero,
1447 388 1528 419 nec
1547 388 1594 418 se
1611 374 1914 427 emendantes,
1937 381 2136 429 praestat

678 466 850 504 mature
886 460 1106 504 dimittere
1142 474 1166 504 e
1201 459 1417 504 Societate
1450 474 1581 514 quam
1612 474 1711 504 cum
1743 459 1903 504 damno
1935 474 2130 505 servare.

681 546 807 591 Prius
841 552 989 591 tamen
1025 560 1076 590 ex
1111 546 1293 590 caritate
1332 546 1529 590 remedia
1569 545 1891 590 emendationis
1925 546 2136 590 tentanda

680 640 782 678 sunt
805 648 814 677 :
839 647 1028 688 quorum
1046 633 1225 677 modum
1242 639 1286 677 et
1300 647 1555 677 mensuram
1572 633 1819 687 prudenter
1834 633 2136 677 diiudicabunt

677 718 957 773 Superiores,
992 725 1042 763 ut
1074 719 1117 762 in
1154 718 1426 763 dimittendis
1457 733 1538 763 nec
1569 719 1657 763 sint
1683 719 1812 763 nimis
1842 719 2028 773 celeres,
2052 733 2134 763 nec

678 805 807 849 nimis
829 805 967 849 timidi
989 811 1064 849 aut
1079 805 1344 859 scrupulosi.

625 925 633 934 .
677 890 829 944 Quoad
866 891 1213 945 contionatores,
1257 897 1494 936 serventur
1533 891 1836 936 ordinationes
1876 897 1920 936 et
1952 891 2134 946 regulae

676 973 782 1018 alias
804 974 945 1018 datae.

673 1058 941 1105 Confessarii
963 1060 1236 1113 animentur3
1268 1073 1352 1114 per
1372 1065 1548 1114 tempus
1575 1060 1620 1104 in
1642 1060 1764 1104 varia
1784 1059 1881 1104 loca
1900 1060 2133 1105 fructifica·

673 1151 764 1190 tum
782 1146 1032 1199 mittantur3
1053 1152 1095 1190 et
1110 1145 1362 1190 huiusmodi
1380 1145 1607 1190 absentiae
1624 1159 1753 1190 veras
1770 1146 1967 1190 rationes
1982 1147 2134 1201 paeni-

673 1232 869 1277 tentibus
891 1232 982 1277 suis
1002 1232 1087 1287 ipsi
1104 1239 1328 1287 exponant
1351 1246 1360 1275 :

621 1351 630 1360 .
672 1317 863 1363 Noviciis
894 1318 1010 1363 serio
1041 1318 1290 1362 inculcetur
1322 1318 1619 1362 indifferentia
1649 1318 1703 1362 ad
1731 1318 1977 1362 ministeria
2006 1324 2050 1362 et
2080 1318 2133 1362 ad

673 1404 852 1458 gradus.
880 1404 933 1449 Et
963 1404 1262 1449 Provinciales
1293 1404 1347 1448 de
1377 1404 1695 1459 promovendis
1726 1404 1779 1448 ad
1809 1404 1994 1458 gradum
2025 1410 2133 1448 tem-

672 1490 845 1545 pestive
866 1490 1204 1535 informationes
1224 1490 1412 1535 mittant.

673 1576 754 1629 Qui
789 1576 902 1620 male
938 1583 1006 1621 est
1035 1576 1292 1631 dispositus,
1331 1590 1430 1620 cum
1465 1583 1651 1631 paterna
1682 1576 1981 1621 admonitione
2004 1575 2132 1620 simul

671 1668 847 1718 tempus
868 1663 1056 1717 accipiat
1075 1663 1350 1707 deliberandi
1365 1662 1419 1707 de
1437 1677 1516 1707 sua
1529 1662 1854 1707 emendatione.

562 1748 702 1792 11-12.
738 1748 1037 1793 provinciales
1054 1755 1227 1801 curent,
1250 1754 1298 1793 ut
1318 1749 1580 1804 Superiores
1602 1748 1765 1793 locales
1787 1754 1831 1793 et
1847 1748 2132 1793 Consultores

564 2266 629 2311 13.

566 2526 629 2570 14.

564 2694 629 2738 15.

672 1841 948 1889 cognoscant
963 1835 1266 1879 ordinationes
1284 1835 1422 1879 Roma
1436 1835 1610 1890 missas,
1631 1841 1675 1879 et
1689 1841 1737 1879 ut
1752 1834 1945 1879 habeant
1964 1840 2131 1878 rectam

672 1921 1019 1976 intellegentiam
1051 1921 1262 1975 Instituti;
1287 1928 1356 1965 est
1384 1921 1501 1965 enim
1532 1921 1727 1965 Societas
1757 1921 1899 1965 instar
1928 1920 2129 1973 aedificii,

672 2008 797 2053 cuius
820 2022 975 2053 omnes
995 2015 1146 2064 partes
1167 2009 1321 2052 intime
1348 2008 1590 2052 cohaerent
1613 2023 1622 2052 ε
1645 2014 1694 2052 ut
1714 2022 1848 2062 saepe
1869 2021 1958 2052 una
1977 2006 2133 2061 regula

673 2095 876 2150 neglecta
890 2095 1127 2140 multarum
1145 2094 1503 2139 observationem
1515 2093 1740 2148 impediat.
1760 2093 2134 2138 Commendantur

674 2181 903 2236 speciatim
926 2181 1142 2236 quaedam
1159 2180 1356 2235 regulae.

672 2266 958 2322 Antiquiores
979 2267 1025 2311 in
1051 2266 1268 2311 Societate
1299 2266 1500 2321 exemplo
1537 2266 1625 2310 sint
1658 2265 1841 2319 ceteris3
1875 2271 1919 2310 et
1946 2265 2131 2309 iuvenes

673 2352 866 2407 antiquis
884 2352 1087 2398 Patribus
1108 2352 1407 2397 reverentiam
1429 2351 1678 2405 exhibeant,
1697 2351 1832 2405 idque
1849 2364 1926 2395 eos
1944 2350 2132 2395 doceant

673 2438 875 2493 exemplo
898 2452 977 2483 suo
994 2438 1079 2493 ipsi
1100 2438 1329 2482 Rectores.

672 2525 936 2580 Superiores
977 2538 1025 2569 se
1066 2524 1218 2569 Patres
1258 2523 1509 2579 exhibeant,
1555 2537 1637 2568 nec
1677 2536 1887 2577 umquam
1931 2521 2131 2567 subditos

674 2608 945 2652 exulcerent.

672 2692 872 2738 Caritatis
889 2693 1113 2737 fraternae
1131 2692 1519 2738 conservationem
1534 2691 1719 2737 sollicite
1735 2696 1981 2746 procurent
1995 2691 2131 2745 Supe-

673 2780 833 2833 riores,
870 2786 914 2824 et
948 2779 1159 2834 quicquid
1190 2793 1285 2824 eam
1317 2778 1553 2824 offenderit
1585 2777 1796 2822 radicitus
1827 2777 2031 2831 evellant,
2075 2790 2129 2820 ne

675 2865 851 2920 quando
873 2879 1012 2919 parva
1031 2865 1154 2909 initia
1175 2865 1320 2909 odium
1345 2870 1576 2919 generent.

564 2954 703 2998 16-17.
742 2954 789 2997 ln
824 2952 1015 2996 iuvando
1056 2952 1257 3006 proximo
1299 2957 1504 2997 servetur
1532 2951 1798 3004 Institumm‚
1837 2963 1926 2994 non
1960 2955 2128 2994 tantum

674 3038 794 3094 quod
815 3038 868 3082 ad
891 3037 1095 3082 auxilium
1117 3038 1450 3092 praestandum,
1474 3037 1551 3082 sed
1574 3037 1704 3081 etiam
1727 3035 1845 3091 quod
1876 3035 1929 3079 ad
1950 3034 2129 3079 iuvandi

673 3125 870 3170 modum.
893 3123 1153 3169 Adhibenda
1173 3124 1435 3178 moderatio,
1458 3129 1550 3167 tum
1571 3122 1616 3166 in
1636 3122 1768 3166 modo
1793 3135 1802 3165 ε
1825 3128 1874 3166 ut
1892 3135 1976 3176 per
1994 3121 2129 3165 inter-

674 3225 775 3256 nam
797 3210 1242 3256 communicationem
1264 3224 1364 3254 cum
1389 3208 1496 3263 Deo,
1520 3208 1808 3253 attentionem
1829 3207 1883 3252 ad
1906 3221 1986 3252 nos
2006 3207 2129 3261 ipsos
