2315 3559
517 218 619 273 456
1139 236 1251 275 MUN
1279 252 1336 257 —
1366 237 1467 275 NAT

569 378 614 423 30
643 381 823 424 Interna
856 381 1133 425 mortificatio
1169 395 1329 435 pravas
1365 382 1497 426 animi
1533 382 1793 428 affectiones
1831 384 2083 429 coercendo

516 465 714 520 castigat,
748 466 952 510 adhibitis
994 480 1145 511 earum
1183 468 1418 512 contrariis
1448 468 1499 522 (Ι,
1533 468 1645 523 443).
1681 469 1798 514 Haec
1839 483 2081 525 numquam

515 552 848 597 intermittenda
868 553 958 607 (III,
979 552 1046 606 66,
1077 552 1185 606 124),
1212 559 1256 597 et
1275 567 1379 608 pars
1407 568 1570 609 magna
1600 555 1759 609 prolixi
1790 556 1990 611 martyrii
2018 563 2087 602 est

517 638 635 691 quod
656 638 865 692 religioso
888 638 1090 682 Instituto
1113 638 1253 682 sancti
1270 639 1516 684 attribuunt
1536 640 1586 694 (Ι,
1611 641 1725 695 417),
1748 647 1869 685 tanto
1890 654 2084 696 propen-

517 724 608 769 sius
630 725 757 769 nobis
780 725 1207 779 apprehendendum
1231 731 1396 779 quanto
1418 726 1601 771 liberius
1631 728 1871 782 expetitum
1892 728 1944 782 (1,
1967 728 2080 783 418),

516 809 828 864 dulcioresque
850 810 1021 854 fructus
1042 810 1157 854 ferat
1178 810 1269 864 (111,
1295 810 1407 865 145).

570 896 614 939 4Ο
644 896 977 950 Intellegentiae
999 909 1049 939 ac
1078 896 1316 940 voluntatis
1347 897 1626 942 mortificatio
1658 898 1709 951 (Ι,
1733 898 1846 952 444),
1869 898 1964 942 sine
1998 912 2085 953 qua

516 981 738 1025 neminem
770 994 852 1035 pro
885 981 1081 1035 legitimo
1114 981 1202 1025 filio
1235 981 1430 1026 Societas
1459 983 1661 1036 agnoscit
1691 983 1741 1037 (Ι,
1761 983 1848 1038 69),
1874 983 2084 1028 suadetur

515 1067 779 1111 necessitate
801 1066 973 1110 animae
989 1066 1112 1121 pacis
1129 1066 1360 1111 habendae
1376 1068 1426 1121 (1,
1443 1069 1638 1113 444-446.
1660 1069 1731 1123 ΙΙΙ,
1752 1069 1848 1124 144)
1871 1076 1915 1114 et
1935 1069 2084 1114 fructi-

514 1152 673 1196 ficandi
694 1152 738 1196 in
761 1152 890 1196 vinea
911 1151 1084 1196 Domini
1106 1152 1154 1205 (l,
1172 1152 1238 1197 70.
1263 1153 1336 1207 ΙΙΙ,
1357 1152 1468 1208 163),
1489 1153 1523 1197 si
1541 1154 1723 1199 Divinae
1743 1168 1901 1199 manus
1922 1155 2085 1199 instru-

514 1244 663 1282 menta
684 1252 784 1282 esse
806 1238 1008 1293 cupimus
1030 1238 1104 1292 (II,
1126 1239 1220 1292 409,
1246 1239 1360 1293 410).

573 1323 709 1368 Porro
731 1324 994 1378 asperitates
1013 1323 1143 1368 huius
1165 1324 1340 1369 virtutis
1373 1338 1527 1369 omnes
1557 1325 1786 1380 superabit
1805 1325 1918 1370 Crux
1939 1325 2084 1371 Salva-

514 1410 623 1454 toris
653 1410 704 1463 (l,
737 1409 824 1464 65),
857 1410 1035 1454 assidua
1063 1410 1350 1455 meditatione
1381 1425 1490 1466 prae
1522 1412 1660 1456 oculis
1696 1411 1900 1456 habenda
1930 1413 1982 1466 (Ι,
2014 1412 2081 1467 64,

514 1496 610 1551 402,
633 1496 745 1551 403),
765 1503 814 1541 ut
834 1497 971 1542 semel
992 1498 1153 1542 mortui
1185 1512 1268 1552 per
1290 1504 1390 1542 vota
1421 1478 1575 1542 nostra
1596 1498 1728 1542 vitam
1750 1499 1877 1543 istam
1899 1498 2086 1543 abscon—

515 1583 669 1627 damus
690 1582 733 1626 in
758 1582 818 1627 Eo
841 1583 890 1636 (I,
911 1583 977 1634 67,
998 1583 1065 1627 68.
1091 1583 1163 1637 ΙΙΙ,
1186 1583 1273 1637 95).
1297 1583 1454 1628 Cetera
1474 1583 1565 1628 vid.
1590 1585 1861 1641 Abnegatio.

568 1709 802 1754 MUNDUS
824 1710 1106 1764 spernendus
1139 1710 1281 1764 qualis
1304 1711 1359 1755 sit
1387 1710 1474 1764 (IV,
1498 1710 1620 1765 221);
1645 1717 1817 1755 amatur
1838 1711 1891 1755 ab
1913 1711 2086 1766 ignavis

513 1795 599 1849 (IV,
619 1795 732 1850 227),
753 1796 797 1839 in
821 1795 949 1840 nobis
980 1795 1269 1840 debellandus
1304 1803 1347 1841 et
1368 1811 1447 1840 cur
1469 1796 1555 1850 (lv,
1581 1796 1694 1851 228),
1721 1796 2010 1842 debellandus
2040 1798 2085 1842 in

516 1881 610 1926 aliis
640 1881 893 1926 hominibus
924 1881 1011 1935 (IV,
1045 1881 1159 1936 245).
1185 1882 1393 1926 Inimicus
1425 1882 1737 1936 religiosorum
1769 1883 1856 1936 (lv,
1879 1883 1978 1937 274)
2009 1897 2086 1928 eos

515 1968 668 2012 fallere
690 1974 877 2012 conatur
897 1967 984 2022 (Ν,
1008 1968 1123 2023 275),
1147 1969 1316 2013 artibus
1340 1983 1518 2023 semper
1540 1969 1695 2013 iisdem
1717 1969 1804 2023 (IV,
1828 1969 1942 2023 276),
1968 1984 2086 2014 nunc

514 2054 755 2108 praecipue
777 2054 953 2098 levitate
976 2060 1019 2098 et
1040 2054 1175 2098 falsae
1196 2054 1412 2099 libertatis
1434 2069 1585 2099 amore
1607 2055 1694 2108 (Ν,
1718 2055 1832 2109 277).
1856 2056 1920 2099 Ad
1943 2056 2085 2100 aliena

516 2146 672 2185 avocat
692 2140 779 2194 (IV,
803 2140 917 2195 287),
942 2146 986 2185 et
1006 2140 1059 2185 ab
1083 2142 1286 2186 Instituto
1309 2142 1468 2186 avertit
1489 2141 1576 2195 (Ν,
1601 2141 1715 2195 288).

553 2303 598 2382 Ν
602 2339 897 2385 ATIONALIS
913 2340 1182 2392 SPIRITUS,
1194 2341 1287 2385 sive
1303 2340 1484 2394 spiritus
1498 2340 1784 2395 provincialis
1800 2341 1903 2395 quid
1917 2342 2086 2387 intelle-

516 2435 646 2482 gatur
674 2429 744 2482 (ΙΙ,
784 2429 890 2482 105).
916 2428 1178 2472 Timendum
1211 2443 1266 2472 ne
1297 2429 1341 2472 in
1373 2429 1590 2473 Societate
1621 2430 1874 2483 reperiatur
1904 2430 2085 2484 spiritus

516 2515 587 2559 ille
610 2514 701 2567 (ΙΙΙ,
725 2514 924 2568 275-277)
956 2520 1000 2558 et
1029 2515 1214 2558 maxime
1245 2514 1491 2558 cavendum
1523 2514 1593 2568 (ΙΙ,
1620 2514 1712 2568 106,
1739 2515 1850 2569 107),
1876 2515 2087 2559 suadetur

517 2600 692 2644 motivis
724 2600 970 2654 desumptis
992 2615 1044 2643 ex
1067 2600 1223 2644 ordine
1256 2600 1443 2644 naturali
1474 2600 1544 2653 (Il,
1573 2600 1663 2653 108,
1691 2600 1786 2655 109)
1809 2607 1852 2644 et
1873 2615 2086 2655 superna-

518 2687 663 2741 turali,
687 2693 777 2731 tum
808 2687 1092 2740 generalibus
1114 2687 1184 2740 (ΙΙ,
1208 2688 1300 2741 110,
1326 2688 1439 2741 111),
1464 2694 1556 2732 tum
1578 2688 1718 2741 magis
1740 2687 1868 2731 nobis
1889 2688 2085 2742 propriis

517 2772 588 2825 (ΙΙ,
615 2772 725 2825 112),
750 2771 1013 2826 praesertim
1046 2786 1197 2816 amore
1228 2772 1473 2825 Societatis,
1499 2772 1623 2817 cuius
1653 2772 1819 2816 bonum
1851 2786 2085 2817 commune

518 2857 869 2910 uniuscuiusque
919 2863 1119 2900 nostrum
1161 2864 1229 2901 est
1267 2858 1337 2911 (ΙΙ,
1382 2857 1494 2912 113),
1538 2864 1582 2902 et
1620 2858 1821 2912 exemplo
1871 2857 2083 2902 Maiorum

520 2950 776 2988 nostrorum
798 2943 870 2997 (ll,
899 2942 1108 2995 121-125).

575 3029 731 3075 Odium
755 3035 911 3073 contra
941 3035 1027 3073 tam
1059 3030 1299 3083 malignum
1331 3031 1533 3084 spiritum
1565 3030 1905 3084 concipiendum
1928 3036 1971 3074 et
1991 3030 2085 3074 aliis

521 3115 937 3160 communicandum
969 3115 1039 3168 (ll,
1079 3114 1288 3167 125-127),
1323 3130 1405 3159 nec
1435 3116 1714 3160 tolerandum
1744 3122 1792 3159 ut
1822 3129 1873 3159 ea
1895 3129 2008 3169 quae
2030 3115 2083 3159 ad

521 3203 722 3247 nationes
752 3202 979 3257 pertinent
1008 3201 1077 3245 vel
1106 3201 1264 3246 leviter
1293 3203 1565 3257 attingantur
1594 3203 1645 3257 (Ι,
1683 3203 1801 3257 108);
1835 3203 1913 3247 sed
1943 3203 2084 3259 repri-
