2315 3559
240 253 306 291 DE
327 252 631 291 REPETENDA
652 253 723 290 ss.
744 251 1111 302 PETR1,10ANN.
1132 251 1193 289 ET
1206 251 1359 289 ALPH.
1380 252 1620 291 MEMORIA
1657 239 1756 293 167

204 398 457 451 Nostrum
497 396 640 450 enim
685 413 790 450 non
829 404 907 449 est
945 403 1172 450 tractare
1209 395 1405 450 futtilia
1419 414 1431 462 ;
1473 413 1646 464 neque
1690 398 1756 452 ad

203 495 430 563 ineptias
486 494 634 548 abire
690 495 769 547 vel
829 494 1028 548 versari
1085 494 1139 547 in
1194 493 1351 560 nugis
1407 511 1530 548 eum
1585 495 1754 561 decet,

202 593 287 646 cui
315 601 555 646 sanctum
583 592 949 646 concreditum
978 600 1055 647 est
1083 609 1295 659 munuS,
1326 592 1556 646 aliorum
1585 592 1758 646 homi-

202 709 330 746 num
388 700 592 746 mentes
648 711 676 746 a
732 691 958 746 terrenis
1014 699 1065 745 et
1124 692 1338 746 caducis
1393 693 1459 747 ad
1510 692 1756 746 caelestia

202 800 363 859 atque
413 800 628 845 aeterna
678 791 974 845 traducere.

266 890 351 946 311.
395 892 511 959 Ipse
555 899 735 945 noster
779 891 992 944 habitus
1033 890 1141 944 oris
1179 899 1340 959 atque
1379 892 1555 945 vultus
1600 890 1758 946 illud-

200 1008 304 1058 que
342 991 616 1056 decomm,
658 991 802 1058 quod
841 991 1171 1058 appellamus
1211 989 1550 1057 modestiam,
1581 989 1757 1044 innuit

199 1098 359 1158 atque
410 1089 608 1143 indicio
659 1097 754 1156 est,
807 1107 903 1144 nos
952 1107 1058 1143 non
1108 1089 1344 1157 cogitare
1398 1089 1616 1155 caduca,
1663 1090 1755 1144 sed

198 1189 264 1243 ad
310 1188 635 1256 sempiterna
685 1205 779 1242 nos
831 1188 1028 1243 sentire
1075 1195 1306 1242 vocatos
1354 1188 1432 1242 Ab
1482 1205 1544 1242 eo
1589 1188 1752 1255 enim,

199 1287 291 1357 qui
364 1305 605 1342 amorem
679 1305 895 1342 omnem
969 1288 1267 1342 humanum
1334 1305 1430 1342 nos
1504 1305 1757 1356 spernere

199 1388 398 1455 docuit,
446 1405 634 1441 aureas
674 1387 968 1442 modestiae
1017 1388 1228 1454 regulas
1274 1387 1597 1455 accepimus
1640 1388 1756 1441 Non

198 1488 413 1540 suerunt
456 1486 576 1540 illae
632 1505 661 1540 a
714 1486 826 1540 viro
877 1494 1118 1540 exaratae
1158 1486 1212 1539 in
1263 1485 1537 1540 communi
1584 1485 1758 1540 homi-

198 1603 326 1639 num
378 1586 486 1640 vita
546 1585 666 1640 rudi
683 1604 694 1651 ;
754 1585 844 1639 sed
908 1604 937 1639 a
987 1584 1284 1653 praenobili
1337 1585 1451 1639 viro
1495 1592 1547 1639 et
1589 1585 1756 1653 probe

196 1692 430 1752 experto,
474 1684 528 1738 in
555 1684 669 1752 ipsa
725 1685 846 1738 aula
889 1684 1037 1752 regia
1093 1683 1224 1752 quid
1270 1686 1472 1752 deceat,
1514 1684 1756 1754 quidque

195 1791 381 1851 aptum
443 1782 511 1837 sit
571 1782 699 1850 ipsis
761 1782 913 1849 regni
975 1782 1287 1851 proceribus
1304 1802 1316 1849 3
1375 1802 1405 1838 a
1462 1783 1595 1850 virO,
1660 1785 1754 1853 qui

195 1882 513 1937 Societatem
580 1881 840 1949 condidit,
894 1891 953 1936 ut
1013 1900 1172 1936 omne
1238 1883 1522 1937 hominum
1584 1902 1753 1951 genus

196 1999 469 2036 summum
509 1989 561 2036 et
608 1981 858 2035 infimum
908 1981 1015 2036 Deo
1066 1981 1302 2037 Creatori
1353 1990 1536 2037 nostro
1580 1983 1756 2038 conci-

194 2081 365 2136 liaret.

264 2180 432 2234 Hasce
492 2181 702 2246 regulas
758 2196 881 2233 cum
937 2180 1336 2247 recordamaur,
1403 2180 1564 2235 etiam
1639 2198 1755 2236 ver-

195 2287 341 2333 satur
401 2286 523 2332 ante
584 2279 764 2333 oculos
827 2278 946 2332 viva
1007 2287 1168 2347 atque
1230 2278 1471 2333 eminens
1539 2279 1749 2334 illarum

194 2378 414 2445 effigieS,
440 2378 489 2433 S.
518 2379 758 2445 loannes,
785 2379 877 2447 qui
906 2379 1215 2447 frequenter
1242 2379 1523 2447 reputabat
1549 2398 1749 2447 secum,

194 2478 294 2531 hae
332 2477 568 2544 Regulae
606 2485 807 2545 quanto
846 2478 1046 2545 labore,
1077 2486 1210 2546 quot
1235 2477 1471 2532 lacrimis
1510 2479 1754 2534 steterint

194 2576 244 2630 S.
299 2576 523 2642 Ignatio,
578 2594 741 2644 quam
798 2576 1084 2643 diligenter
1132 2595 1220 2631 eas
1271 2577 1473 2632 servari
1524 2579 1754 2633 voluerit

194 2684 245 2730 et
305 2685 567 2744 quantum
629 2676 750 2731 illae
811 2678 1022 2732 valeant
1081 2679 1147 2733 ad
1209 2679 1512 2746 exemplum
1574 2686 1625 2734 et
1685 2681 1750 2734 ad

193 2776 588 2831 conciliandum
632 2776 881 2831 Societati
920 2795 1161 2833 amorem
1205 2797 1263 2832 ac
1304 2779 1679 2834 reverentiam.

262 2877 493 2931 Eaedem
538 2876 764 2930 mirifice
807 2878 1088 2932 conferunt
1130 2879 1195 2933 ad
1235 2878 1545 2946 religiosam
1595 2879 1752 2934 disci-

195 2975 415 3044 plinam.
471 2976 575 3029 Nos
621 2975 764 3029 enim
809 2977 874 3029 ad
919 2978 1100 3043 legum
1139 2978 1495 3032 reverentiam
1534 2996 1750 3046 compo-

193 3081 344 3140 nunt,
386 3073 835 3128 necessitudinem
863 3091 985 3128 cum
1012 3075 1118 3129 Deo
1146 3075 1420 3143 adiuvant,
1449 3076 1554 3130 vim
1582 3076 1749 3130 animi

197 3171 451 3227 roborant
494 3174 559 3228 ad
605 3173 906 3228 navandam
947 3189 1164 3241 operam
1211 3173 1395 3229 virtuti
1441 3182 1491 3229 et
1533 3175 1598 3230 ad
1649 3174 1750 3229 sibi

1821 894 2107 956 Gubernatio-

1843 963 1941 992 nem
1965 957 2085 993 iuvat

1849 1003 2078 1059 modestia,
