2315 3559
195 220 263 260 DE
283 220 589 260 REPETENDA
607 222 678 260 SS.
698 221 1065 274 PETR1,10ANN.
1087 222 1149 261 ET
1166 223 1318 262 ALPH.
1339 224 1579 264 MEMORIA
1616 209 1713 266 0207

159 373 375 420 auctore
435 366 800 420 constitutam.
865 366 1111 421 Ceterum
1168 367 1446 435 prudentis
1502 378 1598 436 est,
1657 380 1714 424 ut

159 464 320 519 habet
361 482 522 519 aurea
571 466 636 519 de
676 465 871 519 virtute
920 465 1292 520 oboedientiae
1341 467 1582 534 epistola,
1615 488 1713 523 sua

160 564 335 630 ipsius
376 564 676 630 prudentia
717 565 950 618 minime
991 565 1169 632 fidere.
1213 565 1477 633 Equidem
1523 568 1709 634 fateor,

158 679 244 716 me
294 662 590 717 diffidentia
628 663 853 730 moveri,
901 681 1007 718 non
1048 665 1272 718 fratrum
1318 683 1584 733 meorum,
1621 668 1711 720 sed

158 761 264 816 mei
304 761 491 829 ἱρείης,
534 780 704 830 eaque
748 763 814 817 de
848 780 1006 817 causa
1037 781 1337 832 numquam
1372 765 1512 819 exire
1551 767 1713 820 domo

157 860 271 914 sine
331 861 494 915 socio.
555 861 727 916 Habet
775 870 957 916 autem
1008 880 1068 916 ea
1124 865 1308 929 regula
1370 864 1708 931 dignitatem.

155 959 475 1027 Sacerdotes,
523 969 582 1015 ut
625 969 849 1016 testatur
900 962 954 1016 P.
1002 962 1222 1030 Natalis,
1268 964 1372 1017 soli
1418 982 1525 1018 non
1573 982 1716 1033 egre-

155 1061 387 1115 diuntur
407 1068 625 1129 propter
649 1063 963 1117 decentiam.
999 1063 1148 1117 Idem
1176 1064 1304 1118 haec
1333 1065 1398 1118 de
1425 1064 1474 1118 S.
1507 1065 1713 1131 Ignatio

155 1168 337 1214 narrat
383 1178 393 1213 :
439 1161 525 1214 Ad
561 1162 907 1230 confessiones
945 1163 1244 1217 audiendas
1281 1170 1433 1218 extra
1470 1171 1713 1218 nostrum

157 1260 415 1327 templum
458 1261 677 1315 nullum
720 1262 876 1315 misit
916 1262 1108 1327 solum,
1150 1281 1256 1316 non
1301 1264 1370 1316 ad
1407 1263 1715 1318 contionan-

154 1358 303 1423 dum,
368 1376 474 1413 non
528 1360 598 1412 ad
653 1360 914 1414 iuvandos
978 1361 1343 1415 moribundos,
1409 1361 1507 1424 Qui
1569 1362 1712 1416 enim

154 1473 350 1523 genere
391 1459 472 1511 vel
517 1475 740 1513 munere
778 1467 901 1512 sunt
938 1459 1210 1527 clarioreS,
1251 1460 1492 1514 comitati
1531 1479 1714 1529 proce-

156 1556 283 1610 dere
345 1558 534 1611 solent.
593 1557 730 1622 Quid
792 1567 972 1613 autem
1028 1560 1230 1613 clarum
1294 1560 1484 1628 magiS,
1549 1579 1711 1628 quam

153 1662 328 1709 totum
401 1674 456 1711 se
524 1657 791 1712 addixisse
858 1658 1085 1713 Domino
1153 1658 1259 1713 Deo
1333 1659 1387 1713 in
1458 1660 1711 1726 religioso

153 1754 433 1810 instituto?

220 1856 480 1923 Alterum,
528 1857 673 1924 quod
730 1857 904 1912 obstet
953 1858 1082 1912 haec
1133 1859 1318 1924 regula
1355 1860 1558 1926 gloriae
1595 1859 1708 1928 Dei,

153 1955 360 2010 ratione
421 1964 572 2011 vacat
633 1957 873 2013 omnino.
945 1958 1041 2013 Rei
1103 1958 1247 2013 enim
1304 1960 1437 2014 adeo
1500 1971 1710 2016 sanctae

153 2054 339 2110 obesse
399 2072 507 2110 non
578 2065 755 2125 potest
821 2058 1052 2113 fidelitas
1115 2067 1166 2114 et
1226 2059 1467 2114 studium
1530 2063 1710 2128 legum

152 2163 478 2210 nostrarum.
567 2157 727 2225 Haec,
819 2175 927 2212 non
1018 2160 1328 2227 regularum
1413 2162 1706 2230 neglectus,

153 2253 360 2309 Summi
420 2256 553 2311 Boni
613 2275 855 2312 amorem
915 2258 1256 2328 gratiamque
1316 2260 1470 2314 nobis
1537 2262 1712 2316 conci-

151 2353 301 2408 liant.
365 2353 487 2410 Sine
542 2356 726 2411 divino
787 2356 984 2411 auxilio
1038 2366 1220 2412 autem
1277 2358 1409 2427 quid
1466 2360 1710 2426 agimus?

152 2454 284 2522 quid
329 2463 681 2524 praestamUS‚
712 2458 857 2525 quod
896 2457 1108 2512 intersit
1145 2459 1211 2513 ad
1249 2459 1533 2513 hominum
1573 2461 1710 2514 salu-

152 2555 296 2608 tem?
332 2553 381 2608 S.
414 2554 600 2609 Petrus
638 2563 820 2611 noster
863 2574 1023 2611 ausus
1062 2574 1362 2625 numquam
1400 2566 1479 2612 est
1516 2561 1708 2627 pedem

153 2652 343 2707 efferre
388 2654 550 2707 domo
595 2653 709 2708 sine
752 2655 965 2709 comite.
1006 2656 1283 2723 Numquid
1329 2656 1486 2710 offuit
1536 2658 1709 2712 homi-

152 2769 283 2806 num
351 2752 509 2806 saluti
569 2753 699 2807 haec
766 2753 918 2822 fides,
990 2755 1119 2809 haec
1180 2755 1406 2822 religio?
1478 2755 1707 2810 Centena

154 2851 303 2905 milia
347 2852 391 2906 si
435 2851 575 2920 quiS,
621 2853 860 2919 neglecta
903 2854 1034 2908 socii
1078 2856 1281 2923 regula,
1329 2856 1394 2909 ad
1434 2855 1705 2910 Christum

153 2951 455 3006 adiunxerit
532 2951 775 3006 inanium
854 2954 1080 3008 deorum
1147 2956 1433 3023 cultorum,
1510 2956 1705 3023 quibus

152 3052 379 3106 salutem
428 3059 705 3120 praesente
759 3053 955 3107 comite
1010 3054 1202 3108 afferre
1262 3071 1369 3109 non
1423 3054 1701 3122 potuisset,

154 3150 202 3206 ei
251 3151 475 3206 fortasse
512 3150 643 3206 socii
687 3152 930 3218 regulam
975 3152 1219 3209 incusare
1257 3153 1456 3208 licebit.

1797 571 1866 611 Ep.
1885 573 1920 601 s.
1940 572 1979 603 P.
1995 573 2040 604 x.

1794 663 1967 725 ooch.1h
1990 677 2040 725 ih

1812 1074 1858 1105 In
1877 1074 2027 1108 declar.

1810 1116 1838 1147 1.
1857 1125 1888 1148 c.
1908 1117 1975 1148 111.
1994 1127 2030 1158 p.

1851 1158 1986 1189 Consu

1868 1377 1970 1409 Ibid.
