<?xml version="1.0" encoding="UTF-8"?>
<!DOCTYPE html PUBLIC "-//W3C//DTD XHTML 1.0 Transitional//EN"
    "http://www.w3.org/TR/xhtml1/DTD/xhtml1-transitional.dtd">
<html xmlns="http://www.w3.org/1999/xhtml" xml:lang="en" lang="en">
 <head>
  <title>
</title>
<meta http-equiv="Content-Type" content="text/html;charset=utf-8" />
  <meta name='ocr-system' content='tesseract 3.04.00' />
  <meta name='ocr-capabilities' content='ocr_page ocr_carea ocr_par ocr_line ocrx_word'/>
</head>
<body>
  <div class='ocr_page' id='page_1' title='image "./epistolaepraepos04jesu_0443.png"; bbox 0 0 2315 3559; ppageno 0'>
   <div class='ocr_carea' id='block_1_1' title="bbox 854 197 1779 258">
    <p class='ocr_par' dir='ltr' id='par_1_1' title="bbox 854 197 1779 258">
     <span class='ocr_line' id='line_1_1' title="bbox 854 197 1779 258; baseline -0.005 -1"><span class='ocrx_word' id='word_1_1' title='bbox 854 219 952 258; x_wconf 60' lang='lat' dir='ltr'>En</span> <span class='ocrx_word' id='word_1_2' title='bbox 976 234 1043 239; x_wconf 88' lang='lat'>—</span> <span class='ocrx_word' id='word_1_3' title='bbox 1069 219 1167 256; x_wconf 68' lang='lat' dir='ltr'>Exn</span> <span class='ocrx_word' id='word_1_4' title='bbox 1686 197 1779 253; x_wconf 82' lang='grc'>431</span> 
     </span>
    </p>
   </div>
   <div class='ocr_carea' id='block_1_2' title="bbox 226 362 1793 1276">
    <p class='ocr_par' dir='ltr' id='par_1_2' title="bbox 227 362 1792 680">
     <span class='ocr_line' id='line_1_2' title="bbox 288 362 1792 424; baseline -0.007 -10"><span class='ocrx_word' id='word_1_5' title='bbox 288 369 491 424; x_wconf 83' lang='lat' dir='ltr'>Diligenti</span> <span class='ocrx_word' id='word_1_6' title='bbox 515 367 713 413; x_wconf 79' lang='lat' dir='ltr'>examine</span> <span class='ocrx_word' id='word_1_7' title='bbox 746 370 1043 418; x_wconf 81' lang='lat' dir='ltr'>accuratoque</span> <span class='ocrx_word' id='word_1_8' title='bbox 1072 363 1224 407; x_wconf 89' lang='lat' dir='ltr'>labore</span> <span class='ocrx_word' id='word_1_9' title='bbox 1257 362 1471 415; x_wconf 87' lang='lat' dir='ltr'>consequi</span> <span class='ocrx_word' id='word_1_10' title='bbox 1503 375 1584 405; x_wconf 90' lang='lat' dir='ltr'>nos</span> <span class='ocrx_word' id='word_1_11' title='bbox 1617 368 1792 415; x_wconf 81' lang='lat' dir='ltr'>oportet</span> 
     </span>
     <span class='ocr_line' id='line_1_3' title="bbox 227 447 1788 509; baseline -0.006 -9"><span class='ocrx_word' id='word_1_12' title='bbox 227 456 373 500; x_wconf 90' lang='lat' dir='ltr'>cordis</span> <span class='ocrx_word' id='word_1_13' title='bbox 406 454 644 509; x_wconf 87' lang='lat' dir='ltr'>puritatem</span> <span class='ocrx_word' id='word_1_14' title='bbox 677 453 726 505; x_wconf 91' lang='grc' dir='ltr'>(Ι,</span> <span class='ocrx_word' id='word_1_15' title='bbox 747 451 859 504; x_wconf 87' lang='grc'>331).</span> <span class='ocrx_word' id='word_1_16' title='bbox 886 450 973 494; x_wconf 65' lang='lat' dir='ltr'>Vae</span> <span class='ocrx_word' id='word_1_17' title='bbox 996 450 1053 493; x_wconf 92' lang='lat' dir='ltr'>illi</span> <span class='ocrx_word' id='word_1_18' title='bbox 1085 449 1158 503; x_wconf 91' lang='lat' dir='ltr'>qui</span> <span class='ocrx_word' id='word_1_19' title='bbox 1193 462 1282 492; x_wconf 92' lang='lat' dir='ltr'>non</span> <span class='ocrx_word' id='word_1_20' title='bbox 1315 454 1415 491; x_wconf 92' lang='lat' dir='ltr'>ante</span> <span class='ocrx_word' id='word_1_21' title='bbox 1450 447 1640 492; x_wconf 78' lang='lat' dir='ltr'>senserit</span> <span class='ocrx_word' id='word_1_22' title='bbox 1667 462 1714 491; x_wconf 89' lang='lat' dir='ltr'>se</span> <span class='ocrx_word' id='word_1_23' title='bbox 1745 449 1788 491; x_wconf 90' lang='lat' dir='ltr'>in</span> 
     </span>
     <span class='ocr_line' id='line_1_4' title="bbox 230 534 1789 588; baseline -0.004 -3"><span class='ocrx_word' id='word_1_24' title='bbox 230 541 319 585; x_wconf 90' lang='lat' dir='ltr'>suis</span> <span class='ocrx_word' id='word_1_25' title='bbox 351 540 596 584; x_wconf 83' lang='lat' dir='ltr'>defectibus</span> <span class='ocrx_word' id='word_1_26' title='bbox 634 537 934 583; x_wconf 82' lang='lat' dir='ltr'>examinandis</span> <span class='ocrx_word' id='word_1_27' title='bbox 976 536 1090 580; x_wconf 87' lang='lat' dir='ltr'>hene</span> <span class='ocrx_word' id='word_1_28' title='bbox 1122 541 1344 580; x_wconf 76' lang='lat' dir='ltr'>versatum</span> <span class='ocrx_word' id='word_1_29' title='bbox 1377 548 1506 588; x_wconf 89' lang='lat' dir='ltr'>quam</span> <span class='ocrx_word' id='word_1_30' title='bbox 1538 534 1591 577; x_wconf 90' lang='lat' dir='ltr'>ad</span> <span class='ocrx_word' id='word_1_31' title='bbox 1623 534 1789 578; x_wconf 86' lang='lat' dir='ltr'>alienos</span> 
     </span>
     <span class='ocr_line' id='line_1_5' title="bbox 229 622 1018 680; baseline -0.008 -10"><span class='ocrx_word' id='word_1_32' title='bbox 229 624 569 680; x_wconf 87' lang='lat' dir='ltr'>perspiciendos</span> <span class='ocrx_word' id='word_1_33' title='bbox 593 624 833 668; x_wconf 87' lang='lat' dir='ltr'>descendat</span> <span class='ocrx_word' id='word_1_34' title='bbox 853 622 901 675; x_wconf 87' lang='grc' dir='ltr'>(Ι,</span> <span class='ocrx_word' id='word_1_35' title='bbox 922 622 992 675; x_wconf 89' lang='grc'>60)</span> <span class='ocrx_word' id='word_1_36' title='bbox 1010 622 1018 664; x_wconf 90' lang='lat'><strong>!</strong></span> 
     </span>
    </p>

    <p class='ocr_par' dir='ltr' id='par_1_3' title="bbox 226 705 1793 1190">
     <span class='ocr_line' id='line_1_6' title="bbox 284 705 1792 762; baseline -0.005 -7"><span class='ocrx_word' id='word_1_37' title='bbox 284 712 468 755; x_wconf 83' lang='lat' dir='ltr'>Praeter</span> <span class='ocrx_word' id='word_1_38' title='bbox 498 710 658 754; x_wconf 89' lang='lat' dir='ltr'>usitata</span> <span class='ocrx_word' id='word_1_39' title='bbox 691 709 905 761; x_wconf 77' lang='lat' dir='ltr'>examina,</span> <span class='ocrx_word' id='word_1_40' title='bbox 939 708 1055 752; x_wconf 92' lang='lat' dir='ltr'>serio</span> <span class='ocrx_word' id='word_1_41' title='bbox 1089 708 1277 762; x_wconf 89' lang='lat' dir='ltr'>quisque</span> <span class='ocrx_word' id='word_1_42' title='bbox 1312 721 1357 751; x_wconf 91' lang='lat' dir='ltr'>se</span> <span class='ocrx_word' id='word_1_43' title='bbox 1381 706 1599 751; x_wconf 78' lang='lat' dir='ltr'>examinet</span> <span class='ocrx_word' id='word_1_44' title='bbox 1620 705 1672 750; x_wconf 95' lang='lat' dir='ltr'>de</span> <span class='ocrx_word' id='word_1_45' title='bbox 1704 705 1792 760; x_wconf 85' lang='lat' dir='ltr'>pri-</span> 
     </span>
     <span class='ocr_line' id='line_1_7' title="bbox 231 790 1793 849; baseline -0.004 -10"><span class='ocrx_word' id='word_1_46' title='bbox 231 802 327 839; x_wconf 81' lang='lat' dir='ltr'>vata</span> <span class='ocrx_word' id='word_1_47' title='bbox 348 796 435 839; x_wconf 75' lang='lat' dir='ltr'>vita</span> <span class='ocrx_word' id='word_1_48' title='bbox 457 796 508 849; x_wconf 83' lang='lat'>(1,</span> <span class='ocrx_word' id='word_1_49' title='bbox 536 794 632 838; x_wconf 86' lang='grc'>285.</span> <span class='ocrx_word' id='word_1_50' title='bbox 659 794 731 847; x_wconf 88' lang='grc' dir='ltr'>ΙΙΙ,</span> <span class='ocrx_word' id='word_1_51' title='bbox 760 793 850 844; x_wconf 95' lang='grc'>120,</span> <span class='ocrx_word' id='word_1_52' title='bbox 880 792 988 845; x_wconf 90' lang='grc'>182),</span> <span class='ocrx_word' id='word_1_53' title='bbox 1013 807 1116 836; x_wconf 90' lang='lat' dir='ltr'>num</span> <span class='ocrx_word' id='word_1_54' title='bbox 1151 792 1256 846; x_wconf 85' lang='lat' dir='ltr'>quid</span> <span class='ocrx_word' id='word_1_55' title='bbox 1289 791 1567 836; x_wconf 86' lang='lat' dir='ltr'>correctione</span> <span class='ocrx_word' id='word_1_56' title='bbox 1598 790 1793 843; x_wconf 84' lang='lat' dir='ltr'>indigeat</span> 
     </span>
     <span class='ocr_line' id='line_1_8' title="bbox 226 876 1789 935; baseline -0.003 -10"><span class='ocrx_word' id='word_1_57' title='bbox 226 883 278 935; x_wconf 92' lang='grc' dir='ltr'>(Ι,</span> <span class='ocrx_word' id='word_1_58' title='bbox 298 881 410 934; x_wconf 91' lang='grc'>430),</span> <span class='ocrx_word' id='word_1_59' title='bbox 428 881 546 924; x_wconf 88' lang='lat' dir='ltr'>circa</span> <span class='ocrx_word' id='word_1_60' title='bbox 563 880 715 924; x_wconf 79' lang='lat' dir='ltr'>vitium</span> <span class='ocrx_word' id='word_1_61' title='bbox 737 880 914 933; x_wconf 79' lang='lat' dir='ltr'>linguae</span> <span class='ocrx_word' id='word_1_62' title='bbox 937 879 985 932; x_wconf 89' lang='grc'>(1,</span> <span class='ocrx_word' id='word_1_63' title='bbox 1002 878 1097 932; x_wconf 91' lang='grc'>384,</span> <span class='ocrx_word' id='word_1_64' title='bbox 1117 878 1229 931; x_wconf 92' lang='grc'>385),</span> <span class='ocrx_word' id='word_1_65' title='bbox 1246 879 1361 922; x_wconf 91' lang='lat' dir='ltr'>circa</span> <span class='ocrx_word' id='word_1_66' title='bbox 1384 878 1609 922; x_wconf 88' lang='lat' dir='ltr'>caritatem</span> <span class='ocrx_word' id='word_1_67' title='bbox 1627 878 1677 930; x_wconf 88' lang='grc'>(1,</span> <span class='ocrx_word' id='word_1_68' title='bbox 1691 876 1789 929; x_wconf 87' lang='grc'>290)</span> 
     </span>
     <span class='ocr_line' id='line_1_9' title="bbox 226 962 1789 1018; baseline -0.002 -9"><span class='ocrx_word' id='word_1_69' title='bbox 226 966 343 1009; x_wconf 86' lang='lat' dir='ltr'>circa</span> <span class='ocrx_word' id='word_1_70' title='bbox 373 965 680 1009; x_wconf 84' lang='lat' dir='ltr'>recitationem</span> <span class='ocrx_word' id='word_1_71' title='bbox 723 965 837 1008; x_wconf 88' lang='lat' dir='ltr'>sacri</span> <span class='ocrx_word' id='word_1_72' title='bbox 870 964 998 1008; x_wconf 88' lang='lat' dir='ltr'>officii</span> <span class='ocrx_word' id='word_1_73' title='bbox 1030 965 1079 1016; x_wconf 93' lang='grc' dir='ltr'>(Ι,</span> <span class='ocrx_word' id='word_1_74' title='bbox 1109 963 1221 1016; x_wconf 90' lang='grc'>328),</span> <span class='ocrx_word' id='word_1_75' title='bbox 1252 971 1295 1008; x_wconf 91' lang='lat' dir='ltr'>et</span> <span class='ocrx_word' id='word_1_76' title='bbox 1325 964 1405 1008; x_wconf 89' lang='lat' dir='ltr'>alia</span> <span class='ocrx_word' id='word_1_77' title='bbox 1435 963 1563 1018; x_wconf 84' lang='lat' dir='ltr'>plura</span> <span class='ocrx_word' id='word_1_78' title='bbox 1592 962 1662 1015; x_wconf 87' lang='grc' dir='ltr'>(ΙΙ,</span> <span class='ocrx_word' id='word_1_79' title='bbox 1690 962 1789 1006; x_wconf 89' lang='grc'>217-</span> 
     </span>
     <span class='ocr_line' id='line_1_10' title="bbox 226 1048 1788 1105; baseline -0.002 -10"><span class='ocrx_word' id='word_1_80' title='bbox 226 1051 320 1101; x_wconf 90' lang='grc'>219,</span> <span class='ocrx_word' id='word_1_81' title='bbox 341 1050 435 1101; x_wconf 89' lang='grc'>358,</span> <span class='ocrx_word' id='word_1_82' title='bbox 465 1050 681 1104; x_wconf 88' lang='grc'>416·422),</span> <span class='ocrx_word' id='word_1_83' title='bbox 704 1051 961 1105; x_wconf 86' lang='lat' dir='ltr'>passimque</span> <span class='ocrx_word' id='word_1_84' title='bbox 994 1050 1108 1101; x_wconf 85' lang='lat' dir='ltr'>alibi,</span> <span class='ocrx_word' id='word_1_85' title='bbox 1131 1055 1342 1104; x_wconf 89' lang='lat' dir='ltr'>quantum</span> <span class='ocrx_word' id='word_1_86' title='bbox 1372 1055 1568 1104; x_wconf 90' lang='lat' dir='ltr'>praestet</span> <span class='ocrx_word' id='word_1_87' title='bbox 1596 1048 1647 1103; x_wconf 83' lang='grc'>(1,</span> <span class='ocrx_word' id='word_1_88' title='bbox 1677 1048 1788 1102; x_wconf 89' lang='grc'>470),</span> 
     </span>
     <span class='ocr_line' id='line_1_11' title="bbox 227 1134 902 1190; baseline -0.001 -10"><span class='ocrx_word' id='word_1_89' title='bbox 227 1149 358 1190; x_wconf 89' lang='lat' dir='ltr'>quam</span> <span class='ocrx_word' id='word_1_90' title='bbox 381 1136 513 1180; x_wconf 86' lang='lat' dir='ltr'>distet</span> <span class='ocrx_word' id='word_1_91' title='bbox 534 1149 558 1178; x_wconf 89' lang='lat' dir='ltr'>a</span> <span class='ocrx_word' id='word_1_92' title='bbox 579 1142 693 1180; x_wconf 88' lang='lat' dir='ltr'>meta</span> <span class='ocrx_word' id='word_1_93' title='bbox 717 1136 767 1187; x_wconf 92' lang='grc' dir='ltr'>(Ι,</span> <span class='ocrx_word' id='word_1_94' title='bbox 796 1134 902 1188; x_wconf 85' lang='grc'>133).</span> 
     </span>
    </p>

    <p class='ocr_par' dir='ltr' id='par_1_4' title="bbox 283 1220 1785 1276">
     <span class='ocr_line' id='line_1_12' title="bbox 283 1220 1785 1276; baseline -0.001 -10"><span class='ocrx_word' id='word_1_95' title='bbox 283 1222 484 1267; x_wconf 83' lang='lat' dir='ltr'>Examen</span> <span class='ocrx_word' id='word_1_96' title='bbox 500 1221 842 1276; x_wconf 88' lang='lat' dir='ltr'>proponendum</span> <span class='ocrx_word' id='word_1_97' title='bbox 860 1221 1108 1266; x_wconf 86' lang='lat' dir='ltr'>Candidatis</span> <span class='ocrx_word' id='word_1_98' title='bbox 1125 1222 1215 1274; x_wconf 93' lang='grc' dir='ltr'>(ΙΙΙ,</span> <span class='ocrx_word' id='word_1_99' title='bbox 1232 1221 1329 1274; x_wconf 88' lang='grc'>327)</span> <span class='ocrx_word' id='word_1_100' title='bbox 1351 1236 1359 1264; x_wconf 92' lang='lat'>:</span> <span class='ocrx_word' id='word_1_101' title='bbox 1379 1221 1470 1265; x_wconf 75' lang='lat' dir='ltr'>rid.</span> <span class='ocrx_word' id='word_1_102' title='bbox 1488 1220 1785 1266; x_wconf 83' lang='lat' dir='ltr'>Admittendi.</span> 
     </span>
    </p>
   </div>
   <div class='ocr_carea' id='block_1_3' title="bbox 281 1369 1785 1422">
    <p class='ocr_par' dir='ltr' id='par_1_5' title="bbox 281 1369 1785 1422">
     <span class='ocr_line' id='line_1_13' title="bbox 281 1369 1785 1422; baseline -0.001 -9"><span class='ocrx_word' id='word_1_103' title='bbox 281 1369 581 1413; x_wconf 86' lang='lat' dir='ltr'><strong>EXERCITIA</strong></span> <span class='ocrx_word' id='word_1_104' title='bbox 598 1369 950 1414; x_wconf 88' lang='lat' dir='ltr'>SPIRITUALIA</span> <span class='ocrx_word' id='word_1_105' title='bbox 967 1369 1008 1413; x_wconf 90' lang='lat' dir='ltr'>S.</span> <span class='ocrx_word' id='word_1_106' title='bbox 1027 1370 1072 1413; x_wconf 90' lang='lat' dir='ltr'>P.</span> <span class='ocrx_word' id='word_1_107' title='bbox 1090 1370 1141 1413; x_wconf 92' lang='lat' dir='ltr'>N.</span> <span class='ocrx_word' id='word_1_108' title='bbox 1164 1369 1272 1413; x_wconf 85' lang='lat' dir='ltr'>Sunt</span> <span class='ocrx_word' id='word_1_109' title='bbox 1293 1369 1455 1413; x_wconf 89' lang='lat' dir='ltr'>donum</span> <span class='ocrx_word' id='word_1_110' title='bbox 1480 1369 1691 1422; x_wconf 85' lang='lat' dir='ltr'>singulari</span> <span class='ocrx_word' id='word_1_111' title='bbox 1709 1369 1785 1413; x_wconf 85' lang='lat' dir='ltr'>Dei</span> 
     </span>
    </p>
   </div>
   <div class='ocr_carea' id='block_1_4' title="bbox 224 1454 1786 1596">
    <p class='ocr_par' dir='ltr' id='par_1_6' title="bbox 224 1454 1786 1596">
     <span class='ocr_line' id='line_1_14' title="bbox 224 1454 1786 1510; baseline 0.001 -12"><span class='ocrx_word' id='word_1_112' title='bbox 224 1455 424 1499; x_wconf 89' lang='lat' dir='ltr'>benefico</span> <span class='ocrx_word' id='word_1_113' title='bbox 457 1469 722 1500; x_wconf 87' lang='lat' dir='ltr'>concessum</span> <span class='ocrx_word' id='word_1_114' title='bbox 754 1456 824 1508; x_wconf 92' lang='grc' dir='ltr'>(ΙΙ,</span> <span class='ocrx_word' id='word_1_115' title='bbox 854 1454 966 1507; x_wconf 88' lang='grc'>367),</span> <span class='ocrx_word' id='word_1_116' title='bbox 998 1469 1084 1510; x_wconf 93' lang='lat' dir='ltr'>quo</span> <span class='ocrx_word' id='word_1_117' title='bbox 1120 1455 1314 1500; x_wconf 84' lang='lat' dir='ltr'>Societas</span> <span class='ocrx_word' id='word_1_118' title='bbox 1350 1462 1579 1510; x_wconf 83' lang='lat' dir='ltr'>concepta,</span> <span class='ocrx_word' id='word_1_119' title='bbox 1608 1462 1707 1499; x_wconf 88' lang='lat' dir='ltr'>nata</span> <span class='ocrx_word' id='word_1_120' title='bbox 1741 1461 1786 1500; x_wconf 91' lang='lat' dir='ltr'>et</span> 
     </span>
     <span class='ocr_line' id='line_1_15' title="bbox 224 1542 1781 1596; baseline 0.001 -11"><span class='ocrx_word' id='word_1_121' title='bbox 224 1542 368 1586; x_wconf 90' lang='lat' dir='ltr'>adulta</span> <span class='ocrx_word' id='word_1_122' title='bbox 400 1543 451 1595; x_wconf 94' lang='grc' dir='ltr'>(Ι,</span> <span class='ocrx_word' id='word_1_123' title='bbox 480 1543 574 1587; x_wconf 85' lang='grc'>440.</span> <span class='ocrx_word' id='word_1_124' title='bbox 608 1543 660 1595; x_wconf 91' lang='grc' dir='ltr'>ΙΙ,</span> <span class='ocrx_word' id='word_1_125' title='bbox 693 1543 758 1593; x_wconf 89' lang='grc'>46,</span> <span class='ocrx_word' id='word_1_126' title='bbox 789 1542 901 1596; x_wconf 89' lang='grc'>231),</span> <span class='ocrx_word' id='word_1_127' title='bbox 930 1542 1141 1586; x_wconf 87' lang='lat' dir='ltr'>mirificos</span> <span class='ocrx_word' id='word_1_128' title='bbox 1172 1543 1343 1586; x_wconf 85' lang='lat' dir='ltr'>fructus</span> <span class='ocrx_word' id='word_1_129' title='bbox 1372 1542 1555 1596; x_wconf 87' lang='lat' dir='ltr'>protulit</span> <span class='ocrx_word' id='word_1_130' title='bbox 1589 1542 1658 1595; x_wconf 91' lang='grc' dir='ltr'>(ΙΙ,</span> <span class='ocrx_word' id='word_1_131' title='bbox 1687 1542 1781 1594; x_wconf 89' lang='grc'>368,</span> 
     </span>
    </p>
   </div>
   <div class='ocr_carea' id='block_1_5' title="bbox 154 1627 453 1682">
    <p class='ocr_par' dir='ltr' id='par_1_7' title="bbox 154 1627 453 1682">
     <span class='ocr_line' id='line_1_16' title="bbox 154 1627 453 1682; baseline -0.007 -10"><span class='ocrx_word' id='word_1_132' title='bbox 154 1645 158 1647; x_wconf 77' lang='grc'><strong>’</strong></span> <span class='ocrx_word' id='word_1_133' title='bbox 221 1627 316 1682; x_wconf 89' lang='grc'>369,</span> <span class='ocrx_word' id='word_1_134' title='bbox 339 1628 453 1681; x_wconf 90' lang='grc'>381).</span> 
     </span>
    </p>
   </div>
   <div class='ocr_carea' id='block_1_6' title="bbox 212 1713 1781 3226">
    <p class='ocr_par' dir='ltr' id='par_1_8' title="bbox 220 1713 1781 1853">
     <span class='ocr_line' id='line_1_17' title="bbox 275 1713 1781 1769; baseline 0 -12"><span class='ocrx_word' id='word_1_135' title='bbox 275 1713 420 1758; x_wconf 87' lang='lat' dir='ltr'>Facile</span> <span class='ocrx_word' id='word_1_136' title='bbox 459 1715 652 1769; x_wconf 90' lang='lat' dir='ltr'>primum</span> <span class='ocrx_word' id='word_1_137' title='bbox 696 1715 841 1759; x_wconf 87' lang='lat' dir='ltr'>locum</span> <span class='ocrx_word' id='word_1_138' title='bbox 883 1714 1085 1758; x_wconf 87' lang='lat' dir='ltr'>obtinent</span> <span class='ocrx_word' id='word_1_139' title='bbox 1133 1714 1249 1758; x_wconf 91' lang='lat' dir='ltr'>inter</span> <span class='ocrx_word' id='word_1_140' title='bbox 1286 1714 1431 1758; x_wconf 91' lang='lat' dir='ltr'>media</span> <span class='ocrx_word' id='word_1_141' title='bbox 1470 1714 1523 1758; x_wconf 90' lang='lat' dir='ltr'>ad</span> <span class='ocrx_word' id='word_1_142' title='bbox 1564 1714 1781 1768; x_wconf 87' lang='lat' dir='ltr'>duplicem</span> 
     </span>
     <span class='ocr_line' id='line_1_18' title="bbox 220 1799 1722 1853; baseline 0 -11"><span class='ocrx_word' id='word_1_143' title='bbox 220 1799 353 1843; x_wconf 85' lang='lat' dir='ltr'>finem</span> <span class='ocrx_word' id='word_1_144' title='bbox 376 1805 577 1844; x_wconf 90' lang='lat' dir='ltr'>nostrum</span> <span class='ocrx_word' id='word_1_145' title='bbox 601 1800 930 1853; x_wconf 86' lang='lat' dir='ltr'>assequendum</span> <span class='ocrx_word' id='word_1_146' title='bbox 948 1800 1018 1853; x_wconf 89' lang='grc' dir='ltr'>(ΙΙ,</span> <span class='ocrx_word' id='word_1_147' title='bbox 1038 1799 1135 1852; x_wconf 87' lang='grc'>320,</span> <span class='ocrx_word' id='word_1_148' title='bbox 1152 1799 1265 1853; x_wconf 87' lang='grc'>321).</span> <span class='ocrx_word' id='word_1_149' title='bbox 1290 1799 1525 1844; x_wconf 89' lang='lat' dir='ltr'>Continent</span> <span class='ocrx_word' id='word_1_150' title='bbox 1545 1806 1689 1844; x_wconf 89' lang='lat' dir='ltr'>autem</span> <span class='ocrx_word' id='word_1_151' title='bbox 1712 1814 1722 1852; x_wconf 89' lang='lat'>;</span> 
     </span>
    </p>

    <p class='ocr_par' dir='ltr' id='par_1_9' title="bbox 275 1884 1638 1938">
     <span class='ocr_line' id='line_1_19' title="bbox 275 1884 1638 1938; baseline 0 -10"><span class='ocrx_word' id='word_1_152' title='bbox 275 1886 318 1928; x_wconf 72' lang='lat'>10</span> <span class='ocrx_word' id='word_1_153' title='bbox 347 1884 574 1929; x_wconf 85' lang='lat' dir='ltr'>Methodos</span> <span class='ocrx_word' id='word_1_154' title='bbox 599 1885 753 1929; x_wconf 91' lang='lat' dir='ltr'>orandi</span> <span class='ocrx_word' id='word_1_155' title='bbox 775 1886 1002 1929; x_wconf 85' lang='lat' dir='ltr'>facillimas</span> <span class='ocrx_word' id='word_1_156' title='bbox 1024 1891 1067 1929; x_wconf 93' lang='lat' dir='ltr'>et</span> <span class='ocrx_word' id='word_1_157' title='bbox 1083 1885 1410 1929; x_wconf 87' lang='lat' dir='ltr'>efficacissimas</span> <span class='ocrx_word' id='word_1_158' title='bbox 1432 1886 1501 1937; x_wconf 92' lang='grc' dir='ltr'>(ΙΙ,</span> <span class='ocrx_word' id='word_1_159' title='bbox 1521 1884 1638 1938; x_wconf 86' lang='grc'>373);</span> 
     </span>
    </p>

    <p class='ocr_par' dir='ltr' id='par_1_10' title="bbox 271 1969 1501 2026">
     <span class='ocr_line' id='line_1_20' title="bbox 271 1969 1501 2026; baseline 0.002 -13"><span class='ocrx_word' id='word_1_160' title='bbox 271 1969 315 2013; x_wconf 86' lang='grc' dir='ltr'>2ο</span> <span class='ocrx_word' id='word_1_161' title='bbox 347 1970 587 2025; x_wconf 89' lang='lat' dir='ltr'>Praecipua</span> <span class='ocrx_word' id='word_1_162' title='bbox 609 1971 723 2015; x_wconf 74' lang='lat' dir='ltr'>vitae</span> <span class='ocrx_word' id='word_1_163' title='bbox 747 1971 986 2026; x_wconf 87' lang='lat' dir='ltr'>spiritualis</span> <span class='ocrx_word' id='word_1_164' title='bbox 1009 1972 1272 2016; x_wconf 88' lang='lat' dir='ltr'>documenta</span> <span class='ocrx_word' id='word_1_165' title='bbox 1293 1972 1363 2024; x_wconf 89' lang='grc'>(11,</span> <span class='ocrx_word' id='word_1_166' title='bbox 1383 1970 1501 2025; x_wconf 83' lang='grc'>374);</span> 
     </span>
    </p>

    <p class='ocr_par' dir='ltr' id='par_1_11' title="bbox 272 2055 1371 2112">
     <span class='ocr_line' id='line_1_21' title="bbox 272 2055 1371 2112; baseline 0.002 -13"><span class='ocrx_word' id='word_1_167' title='bbox 272 2055 315 2102; x_wconf 80' lang='grc' dir='ltr'>3ο</span> <span class='ocrx_word' id='word_1_168' title='bbox 365 2056 614 2100; x_wconf 89' lang='lat' dir='ltr'>Sententias</span> <span class='ocrx_word' id='word_1_169' title='bbox 636 2057 785 2111; x_wconf 88' lang='lat' dir='ltr'>ignem</span> <span class='ocrx_word' id='word_1_170' title='bbox 808 2058 1029 2112; x_wconf 86' lang='lat' dir='ltr'>spirantes</span> <span class='ocrx_word' id='word_1_171' title='bbox 1050 2058 1122 2110; x_wconf 90' lang='lat' dir='ltr'>(II,</span> <span class='ocrx_word' id='word_1_172' title='bbox 1145 2057 1238 2108; x_wconf 89' lang='grc'>375,</span> <span class='ocrx_word' id='word_1_173' title='bbox 1259 2057 1371 2111; x_wconf 86' lang='grc'>376).</span> 
     </span>
    </p>

    <p class='ocr_par' dir='ltr' id='par_1_12' title="bbox 212 2141 1778 2708">
     <span class='ocr_line' id='line_1_22' title="bbox 274 2141 1778 2198; baseline 0.001 -13"><span class='ocrx_word' id='word_1_174' title='bbox 274 2141 350 2185; x_wconf 92' lang='lat' dir='ltr'>His</span> <span class='ocrx_word' id='word_1_175' title='bbox 369 2142 588 2186; x_wconf 76' lang='lat' dir='ltr'>exercitiis</span> <span class='ocrx_word' id='word_1_176' title='bbox 606 2143 659 2186; x_wconf 87' lang='lat' dir='ltr'>ad</span> <span class='ocrx_word' id='word_1_177' title='bbox 679 2143 915 2187; x_wconf 89' lang='lat' dir='ltr'>missiones</span> <span class='ocrx_word' id='word_1_178' title='bbox 937 2143 1183 2188; x_wconf 88' lang='lat' dir='ltr'>dimittendi</span> <span class='ocrx_word' id='word_1_179' title='bbox 1198 2157 1280 2198; x_wconf 92' lang='lat' dir='ltr'>per</span> <span class='ocrx_word' id='word_1_180' title='bbox 1297 2143 1463 2197; x_wconf 86' lang='lat' dir='ltr'>aliquot</span> <span class='ocrx_word' id='word_1_181' title='bbox 1479 2143 1571 2187; x_wconf 90' lang='lat' dir='ltr'>dies</span> <span class='ocrx_word' id='word_1_182' title='bbox 1589 2157 1635 2187; x_wconf 95' lang='lat' dir='ltr'>se</span> <span class='ocrx_word' id='word_1_183' title='bbox 1651 2157 1778 2197; x_wconf 86' lang='lat' dir='ltr'>prae-</span> 
     </span>
     <span class='ocr_line' id='line_1_23' title="bbox 217 2228 1774 2283; baseline 0.001 -13"><span class='ocrx_word' id='word_1_184' title='bbox 217 2234 377 2281; x_wconf 89' lang='lat' dir='ltr'>parent</span> <span class='ocrx_word' id='word_1_185' title='bbox 393 2228 542 2280; x_wconf 90' lang='grc' dir='ltr'>(Ι,147,</span> <span class='ocrx_word' id='word_1_186' title='bbox 559 2228 683 2281; x_wconf 86' lang='grc'>246);</span> <span class='ocrx_word' id='word_1_187' title='bbox 708 2228 811 2272; x_wconf 88' lang='lat' dir='ltr'>item</span> <span class='ocrx_word' id='word_1_188' title='bbox 836 2229 1166 2273; x_wconf 88' lang='lat' dir='ltr'>contionatores</span> <span class='ocrx_word' id='word_1_189' title='bbox 1189 2229 1592 2283; x_wconf 85' lang='lat' dir='ltr'>quadragesimales</span> <span class='ocrx_word' id='word_1_190' title='bbox 1610 2229 1774 2281; x_wconf 87' lang='grc' dir='ltr'>(Ι,281);</span> 
     </span>
     <span class='ocr_line' id='line_1_24' title="bbox 219 2313 1776 2369; baseline 0.002 -14"><span class='ocrx_word' id='word_1_191' title='bbox 219 2320 262 2356; x_wconf 92' lang='lat' dir='ltr'>et</span> <span class='ocrx_word' id='word_1_192' title='bbox 282 2319 462 2366; x_wconf 90' lang='lat' dir='ltr'>praeter</span> <span class='ocrx_word' id='word_1_193' title='bbox 493 2313 679 2357; x_wconf 90' lang='lat' dir='ltr'>solidum</span> <span class='ocrx_word' id='word_1_194' title='bbox 714 2328 913 2358; x_wconf 88' lang='lat' dir='ltr'>mensem</span> <span class='ocrx_word' id='word_1_195' title='bbox 945 2315 989 2358; x_wconf 92' lang='lat' dir='ltr'>in</span> <span class='ocrx_word' id='word_1_196' title='bbox 1020 2315 1223 2358; x_wconf 88' lang='lat' dir='ltr'>tirocinio</span> <span class='ocrx_word' id='word_1_197' title='bbox 1255 2329 1302 2358; x_wconf 90' lang='lat' dir='ltr'>ac</span> <span class='ocrx_word' id='word_1_198' title='bbox 1335 2315 1464 2359; x_wconf 90' lang='lat' dir='ltr'>tertio</span> <span class='ocrx_word' id='word_1_199' title='bbox 1500 2315 1776 2369; x_wconf 87' lang='lat' dir='ltr'>probationis</span> 
     </span>
     <span class='ocr_line' id='line_1_25' title="bbox 217 2398 1774 2454; baseline 0.002 -13"><span class='ocrx_word' id='word_1_200' title='bbox 217 2411 332 2441; x_wconf 90' lang='lat' dir='ltr'>anno</span> <span class='ocrx_word' id='word_1_201' title='bbox 364 2399 433 2451; x_wconf 89' lang='grc'>(11,</span> <span class='ocrx_word' id='word_1_202' title='bbox 454 2398 547 2449; x_wconf 89' lang='grc'>377,</span> <span class='ocrx_word' id='word_1_203' title='bbox 568 2398 680 2451; x_wconf 88' lang='grc'>378),</span> <span class='ocrx_word' id='word_1_204' title='bbox 703 2401 940 2454; x_wconf 88' lang='lat' dir='ltr'>quotannis</span> <span class='ocrx_word' id='word_1_205' title='bbox 970 2415 1053 2454; x_wconf 86' lang='lat' dir='ltr'>per</span> <span class='ocrx_word' id='word_1_206' title='bbox 1083 2407 1181 2444; x_wconf 85' lang='lat' dir='ltr'>octo</span> <span class='ocrx_word' id='word_1_207' title='bbox 1212 2401 1282 2444; x_wconf 81' lang='lat' dir='ltr'>vel</span> <span class='ocrx_word' id='word_1_208' title='bbox 1312 2401 1466 2444; x_wconf 90' lang='lat' dir='ltr'>decem</span> <span class='ocrx_word' id='word_1_209' title='bbox 1497 2401 1590 2444; x_wconf 86' lang='lat' dir='ltr'>dies</span> <span class='ocrx_word' id='word_1_210' title='bbox 1620 2401 1774 2444; x_wconf 89' lang='lat' dir='ltr'>iisdem</span> 
     </span>
     <span class='ocr_line' id='line_1_26' title="bbox 216 2484 1774 2540; baseline 0.001 -13"><span class='ocrx_word' id='word_1_211' title='bbox 216 2498 267 2528; x_wconf 84' lang='lat' dir='ltr'>ex</span> <span class='ocrx_word' id='word_1_212' title='bbox 288 2484 565 2538; x_wconf 88' lang='lat' dir='ltr'>praescripto</span> <span class='ocrx_word' id='word_1_213' title='bbox 589 2499 796 2529; x_wconf 68' lang='lat' dir='ltr'>vacamus</span> <span class='ocrx_word' id='word_1_214' title='bbox 820 2499 973 2529; x_wconf 90' lang='lat' dir='ltr'>omnes</span> <span class='ocrx_word' id='word_1_215' title='bbox 996 2486 1065 2537; x_wconf 92' lang='grc' dir='ltr'>(ΙΙ,</span> <span class='ocrx_word' id='word_1_216' title='bbox 1081 2485 1174 2529; x_wconf 89' lang='grc'>368.</span> <span class='ocrx_word' id='word_1_217' title='bbox 1195 2486 1255 2530; x_wconf 76' lang='lat' dir='ltr'>Cf.</span> <span class='ocrx_word' id='word_1_218' title='bbox 1282 2487 1312 2530; x_wconf 90' lang='grc' dir='ltr'>Ι.</span> <span class='ocrx_word' id='word_1_219' title='bbox 1337 2486 1403 2537; x_wconf 82' lang='grc'>53,</span> <span class='ocrx_word' id='word_1_220' title='bbox 1420 2486 1517 2539; x_wconf 87' lang='grc'>440)</span> <span class='ocrx_word' id='word_1_221' title='bbox 1543 2500 1551 2529; x_wconf 87' lang='grc'>;</span> <span class='ocrx_word' id='word_1_222' title='bbox 1576 2486 1774 2540; x_wconf 74' lang='lat' dir='ltr'>quivero</span> 
     </span>
     <span class='ocr_line' id='line_1_27' title="bbox 217 2571 1775 2626; baseline 0.002 -13"><span class='ocrx_word' id='word_1_223' title='bbox 217 2576 261 2614; x_wconf 88' lang='lat' dir='ltr'>et</span> <span class='ocrx_word' id='word_1_224' title='bbox 309 2585 448 2624; x_wconf 89' lang='lat' dir='ltr'>quare</span> <span class='ocrx_word' id='word_1_225' title='bbox 498 2571 538 2614; x_wconf 93' lang='lat' dir='ltr'>id</span> <span class='ocrx_word' id='word_1_226' title='bbox 589 2571 820 2615; x_wconf 87' lang='lat' dir='ltr'>omiserint</span> <span class='ocrx_word' id='word_1_227' title='bbox 879 2572 1115 2626; x_wconf 90' lang='lat' dir='ltr'>quotannis</span> <span class='ocrx_word' id='word_1_228' title='bbox 1166 2578 1375 2616; x_wconf 91' lang='lat' dir='ltr'>notentur</span> <span class='ocrx_word' id='word_1_229' title='bbox 1423 2586 1445 2615; x_wconf 90' lang='lat' dir='ltr'>a</span> <span class='ocrx_word' id='word_1_230' title='bbox 1497 2572 1775 2616; x_wconf 76' lang='lat' dir='ltr'>provinciali-</span> 
     </span>
     <span class='ocr_line' id='line_1_28' title="bbox 212 2655 511 2708; baseline 0.003 -10"><span class='ocrx_word' id='word_1_231' title='bbox 212 2655 296 2700; x_wconf 91' lang='lat' dir='ltr'>bus</span> <span class='ocrx_word' id='word_1_232' title='bbox 326 2656 375 2708; x_wconf 90' lang='grc' dir='ltr'>(Ι,</span> <span class='ocrx_word' id='word_1_233' title='bbox 396 2656 511 2706; x_wconf 84' lang='grc'>441).</span> 
     </span>
    </p>

    <p class='ocr_par' dir='ltr' id='par_1_13' title="bbox 215 2741 1772 2881">
     <span class='ocr_line' id='line_1_29' title="bbox 270 2741 1772 2798; baseline 0.003 -14"><span class='ocrx_word' id='word_1_234' title='bbox 270 2741 334 2784; x_wconf 84' lang='lat' dir='ltr'>Ad</span> <span class='ocrx_word' id='word_1_235' title='bbox 354 2741 460 2785; x_wconf 90' lang='lat' dir='ltr'>haec</span> <span class='ocrx_word' id='word_1_236' title='bbox 484 2755 565 2795; x_wconf 85' lang='lat' dir='ltr'>per</span> <span class='ocrx_word' id='word_1_237' title='bbox 586 2741 752 2795; x_wconf 90' lang='lat' dir='ltr'>aliquot</span> <span class='ocrx_word' id='word_1_238' title='bbox 768 2742 860 2786; x_wconf 91' lang='lat' dir='ltr'>dies</span> <span class='ocrx_word' id='word_1_239' title='bbox 880 2742 1135 2797; x_wconf 88' lang='lat' dir='ltr'>peragenda</span> <span class='ocrx_word' id='word_1_240' title='bbox 1151 2743 1389 2787; x_wconf 88' lang='lat' dir='ltr'>inducendi</span> <span class='ocrx_word' id='word_1_241' title='bbox 1411 2749 1513 2787; x_wconf 91' lang='lat' dir='ltr'>sunt</span> <span class='ocrx_word' id='word_1_242' title='bbox 1534 2743 1608 2798; x_wconf 91' lang='lat' dir='ltr'>qui</span> <span class='ocrx_word' id='word_1_243' title='bbox 1628 2744 1772 2788; x_wconf 87' lang='lat' dir='ltr'>Socie-</span> 
     </span>
     <span class='ocr_line' id='line_1_30' title="bbox 215 2826 767 2881; baseline 0 -11"><span class='ocrx_word' id='word_1_244' title='bbox 215 2831 348 2870; x_wconf 91' lang='lat' dir='ltr'>tatem</span> <span class='ocrx_word' id='word_1_245' title='bbox 370 2833 526 2881; x_wconf 91' lang='lat' dir='ltr'>petunt</span> <span class='ocrx_word' id='word_1_246' title='bbox 546 2826 635 2878; x_wconf 89' lang='lat' dir='ltr'>(III,</span> <span class='ocrx_word' id='word_1_247' title='bbox 655 2826 767 2880; x_wconf 87' lang='grc'>272).</span> 
     </span>
    </p>

    <p class='ocr_par' dir='ltr' id='par_1_14' title="bbox 215 2912 1768 3226">
     <span class='ocr_line' id='line_1_31' title="bbox 270 2912 1767 2969; baseline 0.003 -14"><span class='ocrx_word' id='word_1_248' title='bbox 270 2912 434 2956; x_wconf 86' lang='lat' dir='ltr'>Eorum</span> <span class='ocrx_word' id='word_1_249' title='bbox 465 2927 570 2956; x_wconf 91' lang='lat' dir='ltr'>usus</span> <span class='ocrx_word' id='word_1_250' title='bbox 593 2913 644 2956; x_wconf 89' lang='lat' dir='ltr'>ad</span> <span class='ocrx_word' id='word_1_251' title='bbox 677 2913 1010 2958; x_wconf 75' lang='lat' dir='ltr'>renovationem</span> <span class='ocrx_word' id='word_1_252' title='bbox 1043 2914 1222 2969; x_wconf 91' lang='lat' dir='ltr'>spiritus</span> <span class='ocrx_word' id='word_1_253' title='bbox 1253 2915 1582 2959; x_wconf 87' lang='lat' dir='ltr'>efficacissimus</span> <span class='ocrx_word' id='word_1_254' title='bbox 1603 2915 1653 2968; x_wconf 84' lang='lat' dir='ltr'>(I,</span> <span class='ocrx_word' id='word_1_255' title='bbox 1672 2915 1767 2968; x_wconf 88' lang='grc'>296,</span> 
     </span>
     <span class='ocr_line' id='line_1_32' title="bbox 215 2996 1768 3053; baseline 0.002 -13"><span class='ocrx_word' id='word_1_256' title='bbox 215 2996 309 3041; x_wconf 88' lang='grc'>403.</span> <span class='ocrx_word' id='word_1_257' title='bbox 331 2998 382 3050; x_wconf 92' lang='grc' dir='ltr'>ΙΙ,</span> <span class='ocrx_word' id='word_1_258' title='bbox 401 2996 494 3047; x_wconf 89' lang='grc'>365,</span> <span class='ocrx_word' id='word_1_259' title='bbox 510 2996 604 3040; x_wconf 89' lang='grc'>382.</span> <span class='ocrx_word' id='word_1_260' title='bbox 625 2997 692 3049; x_wconf 70' lang='lat' dir='ltr'>IV,</span> <span class='ocrx_word' id='word_1_261' title='bbox 710 2997 821 3051; x_wconf 89' lang='grc'>319),</span> <span class='ocrx_word' id='word_1_262' title='bbox 836 2999 1167 3053; x_wconf 81' lang='lat' dir='ltr'>promovendus</span> <span class='ocrx_word' id='word_1_263' title='bbox 1183 3006 1251 3043; x_wconf 91' lang='lat' dir='ltr'>est</span> <span class='ocrx_word' id='word_1_264' title='bbox 1267 3014 1353 3043; x_wconf 89' lang='lat' dir='ltr'>non</span> <span class='ocrx_word' id='word_1_265' title='bbox 1373 2999 1513 3043; x_wconf 89' lang='lat' dir='ltr'>solum</span> <span class='ocrx_word' id='word_1_266' title='bbox 1530 3000 1573 3043; x_wconf 91' lang='lat' dir='ltr'>in</span> <span class='ocrx_word' id='word_1_267' title='bbox 1592 3000 1768 3050; x_wconf 87' lang='lat' dir='ltr'>nostris,</span> 
     </span>
     <span class='ocr_line' id='line_1_33' title="bbox 216 3082 1767 3139; baseline 0.002 -14"><span class='ocrx_word' id='word_1_268' title='bbox 216 3097 370 3126; x_wconf 83' lang='lat' dir='ltr'>verum</span> <span class='ocrx_word' id='word_1_269' title='bbox 402 3082 531 3126; x_wconf 89' lang='lat' dir='ltr'>etiam</span> <span class='ocrx_word' id='word_1_270' title='bbox 553 3082 596 3125; x_wconf 93' lang='lat' dir='ltr'>in</span> <span class='ocrx_word' id='word_1_271' title='bbox 619 3084 811 3127; x_wconf 77' lang='lat' dir='ltr'>externis</span> <span class='ocrx_word' id='word_1_272' title='bbox 842 3084 892 3137; x_wconf 93' lang='grc' dir='ltr'>(Ι,</span> <span class='ocrx_word' id='word_1_273' title='bbox 916 3083 1010 3137; x_wconf 88' lang='grc'>276,</span> <span class='ocrx_word' id='word_1_274' title='bbox 1034 3084 1146 3138; x_wconf 89' lang='grc'>383),</span> <span class='ocrx_word' id='word_1_275' title='bbox 1168 3085 1242 3138; x_wconf 92' lang='lat' dir='ltr'>qui</span> <span class='ocrx_word' id='word_1_276' title='bbox 1271 3085 1337 3129; x_wconf 92' lang='lat' dir='ltr'>his</span> <span class='ocrx_word' id='word_1_277' title='bbox 1367 3085 1507 3128; x_wconf 76' lang='lat' dir='ltr'>iuvari</span> <span class='ocrx_word' id='word_1_278' title='bbox 1538 3085 1767 3139; x_wconf 89' lang='lat' dir='ltr'>cupientes</span> 
     </span>
     <span class='ocr_line' id='line_1_34' title="bbox 216 3168 1764 3226; baseline 0.002 -14"><span class='ocrx_word' id='word_1_279' title='bbox 216 3168 421 3212; x_wconf 87' lang='lat' dir='ltr'>alacriter</span> <span class='ocrx_word' id='word_1_280' title='bbox 456 3173 499 3212; x_wconf 91' lang='lat' dir='ltr'>et</span> <span class='ocrx_word' id='word_1_281' title='bbox 518 3168 759 3213; x_wconf 85' lang='lat' dir='ltr'>liberaliter</span> <span class='ocrx_word' id='word_1_282' title='bbox 789 3183 812 3213; x_wconf 90' lang='lat' dir='ltr'>a</span> <span class='ocrx_word' id='word_1_283' title='bbox 833 3169 1144 3224; x_wconf 86' lang='lat' dir='ltr'>Superioribus</span> <span class='ocrx_word' id='word_1_284' title='bbox 1175 3171 1449 3225; x_wconf 79' lang='lat' dir='ltr'>excipiantur</span> <span class='ocrx_word' id='word_1_285' title='bbox 1469 3172 1518 3224; x_wconf 88' lang='grc' dir='ltr'>(Ι,</span> <span class='ocrx_word' id='word_1_286' title='bbox 1538 3171 1631 3222; x_wconf 88' lang='grc'>277,</span> <span class='ocrx_word' id='word_1_287' title='bbox 1651 3172 1764 3226; x_wconf 88' lang='grc'>441),</span> 
     </span>
    </p>
   </div>
  </div>
 </body>
</html>
