2315 3559
182 216 247 253 DE
265 211 569 251 REPETENDA
588 211 660 248 ss.
681 210 851 259 parm,
871 208 1048 246 IOANN.
1070 208 1131 244 ET
1150 208 1302 245 ALPH.
1324 206 1563 245 MEMORIA
1600 190 1700 244 117

147 357 418 410 hominem
478 353 729 422 requirit,
794 351 1009 418 negotia
1069 357 1405 404 accesserunt
1477 348 1702 415 insueta,

147 455 199 508 in
238 453 432 521 quibus
470 454 720 519 frequens
758 458 809 504 et
846 467 951 504 non
984 451 1148 503 semel
1176 448 1412 516 plurium
1441 446 1707 501 mensium

146 551 508 606 consumenda
552 557 665 604 erat
703 566 882 616 opera.
925 547 1118 602 Odiosa
1169 546 1368 600 idcirco
1418 544 1705 610 cunctatiO,

146 667 282 717 quae
311 657 487 702 tamen
515 665 621 701 non
660 647 773 701 sine
812 646 1001 700 Divino
1029 644 1260 698 Numine
1286 642 1497 697 accidit.
1529 642 1712 696 Incen-

146 765 263 801 sum
314 764 547 815 namque
591 754 704 800 erat
747 743 1026 799 Societatis
1071 743 1330 808 studium,
1377 758 1499 795 cum
1544 740 1709 793 trium

145 845 460 900 Sanctorum
499 844 779 898 sollemnia
807 843 1045 911 primum
1073 848 1379 908 agerentur,
1415 847 1467 893 et
1500 840 1565 893 ad
1597 840 1713 905 glo-

146 943 281 997 riam
320 943 636 997 Sanctorum
671 943 918 995 Fratrum
947 941 1109 994 ardor
1140 946 1337 1003 tantUS,
1372 944 1431 990 ut
1461 954 1713 1004 superva-

144 1059 369 1095 caneum
393 1040 577 1094 suisset
599 1040 845 1093 stimulos
873 1038 1071 1092 addere
1096 1044 1301 1091 vestrae
1323 1034 1526 1103 pietati.
1546 1034 1712 1087 Affari

147 1157 239 1193 vos
277 1140 416 1193 Deus
456 1139 570 1206 ipse
608 1146 770 1205 atque
809 1136 1010 1204 alloqui
1051 1135 1350 1190 videbatur.
1394 1134 1457 1186 Et
1498 1132 1713 1186 divinae

149 1238 272 1292 huic
314 1238 428 1292 voci
469 1238 823 1304 obsequentes
864 1253 956 1289 vos
996 1235 1158 1288 fuisse
1192 1233 1424 1302 plurima
1450 1239 1714 1286 testantur

148 1346 446 1392 vestrarum
504 1337 765 1391 virtutum
828 1334 1139 1404 specimina,
1186 1333 1371 1401 piique
1421 1334 1487 1387 ad
1538 1349 1716 1400 perse-

147 1439 361 1505 quenda
387 1438 705 1492 Sanctorum
734 1435 960 1503 vestigia
987 1442 1207 1488 conatus
1229 1433 1618 1487 demonstrant.

216 1537 644 1592 Consentaneum
690 1536 856 1602 igitur
901 1534 1096 1589 rationi
1152 1550 1259 1587 non
1315 1533 1433 1599 suit,
1492 1532 1716 1585 incitare

149 1645 442 1703 currentes,
475 1645 525 1690 et
552 1653 691 1704 quae
717 1636 858 1688 ultro
888 1633 1252 1701 implebantur
1278 1631 1451 1686 officia
1478 1630 1711 1699 pietatis,

150 1735 475 1803 impellendo
520 1736 808 1803 postulare.
857 1733 987 1788 Cum
1046 1749 1192 1798 ver0,
1244 1748 1382 1798 quae
1430 1729 1714 1784 hominum

151 1835 438 1890 infirmitas
484 1843 580 1902 est,
634 1834 830 1888 usitata
882 1835 962 1887 vel
1024 1850 1052 1886 e
1102 1830 1365 1885 memoria
1413 1830 1711 1895 elabantur,

152 1937 232 1990 vel
260 1935 438 1989 minus
471 1942 723 1989 moveant
753 1933 1121 2000 afficiantque3
1164 1949 1323 1997 nunc,
1358 1948 1480 1984 eum
1508 1929 1714 1997 aliquid

149 2035 344 2089 abierit
369 2035 647 2103 temporis,
673 2034 1037 2088 renovandam
1060 2031 1185 2086 duxi
1206 2030 1527 2085 memoriam
1551 2030 1718 2083 virtu-

150 2141 264 2187 tum
303 2134 620 2188 Sanctorum
655 2132 814 2199 Petri,
847 2131 1059 2185 Ioannis
1092 2137 1144 2184 et
1172 2129 1452 2197 Alphonsi,
1483 2136 1541 2181 ut
1578 2145 1717 2196 quae

151 2242 330 2288 sancte
374 2241 529 2288 antea
572 2232 877 2298 statuimus,
920 2230 1108 2285 eadem
1153 2228 1400 2283 alacriter
1443 2227 1716 2282 interdum

152 2333 600 2400 redintegremus
649 2332 800 2395 Quod
851 2330 976 2384 huic
1026 2328 1369 2398 potissimum
1431 2326 1597 2381 cultui
1658 2345 1717 2380 ac

153 2432 484 2488 venerationi
512 2439 590 2485 est
616 2430 958 2495 conveniens,
989 2447 1111 2483 cum
1132 2428 1363 2496 quisque
1390 2434 1635 2480 nostrum
1663 2425 1717 2479 in

151 2549 495 2599 quocumque
522 2530 589 2584 sit
616 2531 787 2597 gradu
816 2530 896 2583 vel
923 2527 1243 2594 SacerdotiS,
1275 2528 1356 2580 vel
1382 2525 1714 2591 Scholastici,

154 2637 234 2690 vel
273 2635 472 2689 Fratris
506 2633 798 2699 AdiutoriS,
829 2633 1024 2688 habeat
1051 2649 1212 2700 quem
1252 2630 1577 2684 imitandum
1616 2628 1718 2682 sibi

152 2743 438 2803 proponat.

221 2836 395 2902 Atque
434 2835 533 2887 hoc
572 2832 895 2886 beneficium
934 2829 1185 2885 Societati
1227 2828 1461 2882 tribuere
1490 2827 1720 2881 voluisse

155 2935 386 2988 Leonem
424 2933 513 2986 Xll
526 2933 562 2998 1,
598 2938 844 2998 apertum
882 2948 941 2983 ac
980 2929 1323 2998 perspicuum
1358 2934 1453 2981 est.
1487 2927 1587 2979 Pro
1615 2926 1721 2978 sin-

153 3030 326 3097 gulari
348 3031 491 3085 enim
515 3030 567 3083 in
591 3046 685 3082 nos
707 3027 880 3094 gratia
901 3035 953 3081 et
971 3025 1365 3090 benevolentia,
1391 3042 1487 3078 sua
1508 3030 1714 3090 sponte,

154 3130 485 3198 supplicante
513 3128 744 3194 nemine,
778 3126 1056 3181 Pontificia
1084 3132 1344 3194 potestate
1372 3121 1629 3187 decrevit,
1663 3128 1719 3174 ut

1800 341 1933 371 Const-
1951 348 1988 379 p.
2003 338 2038 371 9.

1792 390 1878 421 cap.
1895 382 1926 411 6.
1948 389 1988 411 n.
2006 381 2036 411 1.
