2315 3559
190 239 256 277 DE
294 237 563 276 PERICULIS
600 234 888 273 TEMPORUM
928 231 1242 271 NOSTRORUM
1282 230 1533 268 CAVENDIS
1569 212 1670 268 325

124 403 149 438 ))
189 401 313 437 nam
358 382 459 435 sibi
498 380 819 448 persuadere
863 393 1122 444 umquam
1161 374 1369 444 possit?
1405 373 1458 428 Si
1497 373 1673 427 Eccle-

123 500 149 534 »
189 480 323 534 siam
363 477 577 543 Christi,
613 477 813 544 pusilli
848 475 1028 543 gyreqis
1054 472 1272 527 nomine
1298 472 1364 526 ab
1392 471 1507 539 ipso
1535 470 1671 524 desi-

122 599 147 632 ))
187 586 404 646 gnatam
448 575 776 631 Venerabilis
827 573 967 627 Beda
1017 572 1138 627 ideo
1188 570 1471 637 existimat,
1525 569 1669 636 quod

122 698 147 731 »
188 678 359 745 ipsam
412 691 437 724 ((
489 673 820 743 quantalibet
881 670 1268 726 numerositate
1322 669 1429 723 iam
1486 667 1673 723 dilata-

121 797 147 831 »
187 786 315 844 tam,
363 784 542 830 tamen
591 791 762 841 usque
804 773 870 827 ad
922 772 1085 825 finem
1136 769 1323 824 mundi
1369 767 1673 822 humilitate

121 895 147 929 )>
188 877 300 929 vult
346 890 602 939 creseere,
650 879 701 926 et
743 871 807 924 ad
854 868 1180 938 promissum
1225 883 1452 933 regnum
1497 864 1675 919 humi-

121 993 147 1028 >>
187 974 334 1028 litate
372 971 678 1041 pervenire;
712 989 737 1023 ))
778 976 979 1038 quanto
1024 966 1195 1034 magis
1239 965 1408 1020 cuivis
1452 981 1675 1031 congre-

121 1092 147 1126 »
186 1072 410 1139 gationi,
459 1087 596 1140 quae
647 1069 814 1138 ipsius
860 1066 1123 1122 Ecclesiae
1168 1083 1290 1133 pars
1335 1064 1524 1130 exigua
1573 1071 1670 1129 est,

121 1192 147 1225 ))
186 1171 444 1239 competit
485 1168 799 1224 huiusmodi
849 1184 1034 1222 sensus
1091 1165 1316 1219 fovere?
1371 1164 1442 1217 De
1502 1162 1675 1217 Socie-

121 1290 146 1324 »
186 1278 292 1325 tate
339 1287 463 1324 vero
513 1276 697 1323 nostra
740 1266 871 1335 quid
923 1265 1098 1321 dicam
1119 1265 1143 1317 2?
1186 1263 1408 1318 Sanctus
1452 1261 1674 1330 quidem

120 1389 146 1423 ³>
189 1370 382 1424 Parens
420 1376 602 1423 noster
639 1367 785 1420 illam
825 1382 1036 1433 semper
1073 1365 1343 1432 appellare
1378 1362 1676 1416 minimam.

120 1488 146 1522 ))
185 1475 553 1523 consueverat.
596 1468 733 1535 Ipsa,
774 1483 896 1519 cum
936 1472 1048 1519 tota
1085 1463 1154 1518 sit
1190 1462 1245 1516 in
1282 1460 1478 1517 Christi
1524 1459 1674 1516 ducis

120 1588 146 1621 ³>
187 1568 267 1622 sui
305 1567 610 1621 humilitate
646 1565 916 1632 sectanda,
964 1564 1028 1618 iis
1066 1581 1095 1617 a
1135 1563 1357 1616 Parente
1394 1578 1490 1615 suo
1527 1559 1677 1614 insti-

122 1687 147 1721 ))
187 1675 301 1722 tuta
345 1675 424 1721 est
461 1664 816 1732 documentiS‚
859 1664 923 1718 iis
962 1661 1246 1731 praesidiis
1284 1659 1510 1728 munita,
1551 1667 1611 1714 ut
1646 1677 1676 1713 a

122 1787 148 1820 ))
189 1766 378 1821 mundi
420 1766 611 1833 gloria,
663 1765 730 1818 ab
773 1762 1069 1818 honoribus
1119 1761 1282 1816 etiam
1332 1759 1516 1827 sacris,
1569 1776 1677 1814 non

122 1886 148 1920 ))
187 1866 456 1920 abstinere
500 1865 681 1932 modO,
723 1865 814 1918 sed
854 1862 1017 1918 etiam
1061 1861 1354 1915 abhorrere
1403 1876 1517 1914 sese
1555 1876 1678 1927 pro-

122 1984 147 2018 ))
187 1965 420 2019 fiteatur.
474 1963 600 2017 Eius
655 1962 818 2031 primi
877 1962 1076 2028 PatreS‚
1136 1960 1320 2028 quales
1376 1965 1428 2013 et
1488 1958 1677 2026 quanti

121 2085 147 2119 )>
188 2065 308 2133 viri,
350 2063 647 2133 quantique
689 2062 831 2130 apud
876 2061 1044 2115 Deum
1089 2067 1141 2114 et
1183 2058 1430 2114 homines
1475 2058 1673 2125 meriti,

122 2163 440 2218 »vaticinia
494 2163 761 2230 quaedam
823 2179 853 2214 a
914 2159 1109 2214 sanctis
1171 2157 1497 2226 quibusdam
1548 2156 1677 2211 viris

123 2282 147 2316 ))
188 2262 331 2317 edita
379 2279 502 2316 cum
546 2260 746 2328 passim
797 2278 826 2313 a
871 2260 1030 2326 vulgo
1081 2257 1183 2311 sibi
1226 2255 1484 2325 applicari
1528 2255 1679 2310 audi-

123 2383 148 2416 »
188 2369 324 2429 rent,
376 2376 675 2428 numquam
726 2359 781 2412 in
830 2357 1072 2412 animum
1123 2356 1448 2411 induxerunt
1498 2362 1558 2409 ut
1610 2356 1677 2410 de

122 2482 148 2516 ))
187 2480 242 2517 se
286 2469 396 2515 tam
436 2460 724 2529 praeclara,
765 2466 875 2512 tam
914 2456 1212 2511 honorifica
1250 2454 1488 2522 intellegi
1522 2472 1678 2523 posse

122 2581 148 2614 ))
187 2561 483 2615 crederent.
515 2559 626 2622 Quo
654 2559 807 2625 plura
832 2557 899 2611 ab
925 2555 1054 2625 ipsis
1082 2563 1133 2610 et
1159 2554 1456 2622 insigniora
1483 2555 1679 2609 redun-

123 2680 149 2714 ))
190 2661 389 2715 dabant
426 2660 480 2713 in
525 2675 639 2712 rem
667 2656 937 2725 publicam
981 2654 1331 2710 christianam
1369 2654 1673 2721 commoda,

124 2777 149 2812 )>
190 2776 252 2813 eo
279 2757 382 2812 sibi
410 2756 581 2823 magis
609 2755 1013 2822 ingeminabant
1039 2754 1129 2808 illa
1155 2752 1432 2820 Evangelii
1461 2752 1620 2807 verba
1662 2769 1672 2805 ε

124 2877 150 2910 ))
191 2871 216 2906 ((
257 2856 398 2911 servi
442 2855 657 2909 inutiles
707 2871 927 2919 sumus;
969 2854 1114 2921 quod
1153 2851 1438 2908 debuimus
1483 2852 1672 2918 facere,

124 2976 150 3010 ))
190 2956 432 3011 fecimus
484 2974 509 3008 ))
560 2955 638 3008 An
688 2970 814 3008 vero
864 2970 1022 3021 nunc,
1074 2970 1197 3007 cum
1247 2969 1507 3021 pauperes
1553 2950 1675 3005 sacti

125 3075 151 3109 ))
191 3072 375 3109 sumus
414 3052 594 3120 nimiS,
642 3060 694 3106 et
729 3069 955 3106 numero
999 3052 1173 3120 pauci,
1216 3058 1268 3105 et
1311 3050 1517 3105 meritis
1555 3067 1677 3118 pro-

127 3172 152 3207 ))
193 3154 328 3208 fecto
408 3151 653 3206 Patribus
732 3150 835 3204 illis
907 3150 1103 3204 nostris
1178 3157 1323 3204 tanto
1396 3148 1676 3203 intervallo
