2315 3559
206 289 274 326 DE
296 286 601 326 REPETENDA
619 286 690 324 ss
712 286 882 337 PETRI,
901 285 1080 324 IOANN.
1099 285 1163 323 ET
1180 284 1331 322 ALPH.
1354 285 1593 323 ΜΕΜΟΒΙΑ
1628 269 1730 325 203

241 432 514 498 Integrum
586 429 823 498 generali
898 429 1207 498 Praeposito
1269 445 1375 482 non
1436 435 1516 482 est
1585 428 1730 482 coni-

175 548 294 585 vere
339 530 392 584 in
430 531 528 584 hac
567 547 642 596 re,
696 529 787 583 sed
841 528 1175 595 vigilandum
1221 535 1300 581 est
1343 526 1444 595 ipsi
1494 534 1564 593 et,
1606 544 1727 580 cum

171 631 301 684 11366
372 647 499 683 cura
565 629 634 683 sit
705 630 927 696 malum,
1005 628 1173 682 initiis
1241 627 1383 681 illius
1456 627 1583 681 mali
1651 634 1729 680 est

170 729 562 783 occurrendum
612 727 824 782 fortiter
861 735 913 781 et
951 729 1093 782 malo
1131 726 1440 795 quaerenda
1489 725 1730 780 remedia

171 827 503 882 validissima
557 835 610 881 et
663 827 980 881 certissima.
1041 826 1297 895 Imposita
1357 833 1436 880 est
1496 825 1544 880 ei
1599 826 1729 881 haec

169 927 366 996 agendi
427 926 733 981 necessitas,
794 927 937 990 Quae
992 926 1136 980 enim
1192 943 1221 979 3
1282 925 1516 980 comitiis
1572 943 1731 992 gene-

168 1026 368 1080 ralibus
412 1025 743 1093 sanciuntur,
796 1026 939 1092 leges
989 1032 1129 1079 sunt.

235 1125 371 1189 Quid
419 1142 543 1179 vero
599 1125 654 1178 in
703 1126 804 1179 hoe
849 1142 1047 1191 genere
1089 1124 1265 1191 liceat,
1313 1123 1444 1192 quid
1503 1123 1729 1178 vetitum

167 1224 253 1291 sit,
289 1223 612 1278 nominatim
647 1223 905 1278 definitur
941 1242 971 1277 3
1010 1223 1060 1278 S.
1097 1223 1305 1290 Ignatio
1349 1231 1402 1277 et
1434 1241 1463 1277 3
1501 1223 1731 1290 Congre-

166 1324 382 1392 gatione
419 1324 656 1391 generali
703 1323 974 1378 vicesima.
1024 1323 1074 1378 S.
1131 1324 1327 1378 Parens
1372 1331 1555 1378 noster
1596 1324 1728 1377 haec

167 1424 444 1479 constituit
480 1432 631 1492 parte
670 1432 813 1479 sexta
847 1423 1303 1479 Constitutionum
1336 1442 1452 1491 cap.
1483 1422 1532 1477 3.
1565 1441 1617 1477 n.
1651 1423 1683 1477 5
1714 1441 1724 1476 :

170 1524 309 1579 Cum
354 1525 596 1579 homiues
640 1525 831 1578 itidem
882 1524 1048 1578 liuius
1091 1523 1372 1578 Societatis
1414 1524 1569 1592 (haec
1613 1522 1727 1577 eius

167 1632 291 1678 sunt
328 1623 514 1690 verba)
544 1642 751 1691 semper
787 1624 978 1691 parati
1013 1641 1121 1678 esse
1162 1624 1386 1678 debeant
1418 1626 1488 1677 ad
1520 1624 1729 1677 discur-

167 1725 397 1778 rendum
432 1741 531 1790 per
574 1724 790 1792 quasvis
832 1724 1030 1777 muudi
1061 1729 1262 1790 parteS,
1309 1723 1407 1776 uhi
1449 1723 1659 1791 fuerint
1696 1741 1729 1776 a

165 1822 390 1877 &immo
437 1823 697 1890 Poritifiee
739 1824 820 1876 vet
867 1841 901 1876 a
946 1823 1063 1876 suis
1105 1821 1492 1889 Superioribus
1540 1822 1729 1887 missi‚·

166 1939 273 1975 riou
309 1922 496 1975 deberit
531 1939 720 1974 euram
769 1922 1107 1986 animarum,
1149 1939 1316 1990 neque
1361 1921 1489 1975 item
1531 1922 1729 1975 mutie-

165 2040 291 2075 rum
352 2021 755 2089 religiosarum,
821 2022 901 2075 vet
961 2022 1206 2075 aliarum
1267 2039 1729 2090 quarumcumque

164 2121 447 2188 suscipere,
472 2127 533 2174 ut
550 2121 832 2174 ordinarie
853 2121 1084 2174 illarum
1104 2121 1452 2189 confessiones
1472 2121 1724 2187 audiant,

165 2221 246 2274 vet
290 2220 435 2288 ipsas
478 2226 668 2288 regant
711 2238 729 2273 .·
773 2220 1021 2289 quamuis
1058 2221 1208 2275 nihil
1244 2226 1521 2288 repuffliet,
1567 2221 1729 2274 semet

165 2320 333 2374 unius
372 2320 688 2375 monasterii
724 2320 1090 2388 confessione&
1131 2321 1190 2375 ob
1229 2321 1482 2388 speciales
1519 2339 1724 2387 causae,

166 2420 377 2474 audire.

235 2518 590 2586 Congregatio
669 2527 849 2573 autem
937 2519 1190 2574 vicesima
1263 2519 1393 2573 haee
1466 2519 1724 2586 decrevit,

167 2635 322 2686 quae,
381 2625 440 2671 ut
494 2625 617 2672 sunt
672 2618 726 2671 in
782 2618 1033 2672 Instituto
1095 2625 1298 2686 nostrO,
1362 2617 1657 2672 transcribo
1713 2636 1723 2671 :

166 2717 496 2786 Approbavit
516 2716 870 2784 Congregatio
898 2718 1112 2772 decreto
1135 2718 1476 2785 duodecime,
1500 2735 1727 2772 numero

167 2833 309 2870 nono
358 2834 367 2869 :
423 2817 487 2870 Ut
529 2817 744 2870 nemini
790 2824 1095 2871 nostrorum
1145 2818 1300 2885 (haee
1350 2825 1474 2871 sunt
1521 2816 1720 2883 verba),

168 2916 283 2969 uisi
325 2922 574 2969 maturae
616 2915 690 2969 sit
732 2916 941 2980 aetatiS,
994 2923 1059 2982 et,
1105 2917 1157 2970 si
1202 2917 1325 2984 fieri
1366 2923 1552 2984 potest,
1605 2923 1728 2970 aute

168 3015 586 3068 determinatam
653 3020 897 3080 aetatem,
968 3016 1324 3082 permittatur
1389 3016 1728 3083 frequentare

169 3114 499 3167 monasteria
546 3113 875 3166 monialium
938 3120 1033 3167 aut
1089 3115 1403 3181 puellarum
1458 3130 1727 3167 conserva-

175 3212 314 3266 toria
326 3231 347 3278 ,·
389 3219 438 3267 et
482 3212 572 3278 iis,
631 3212 827 3281 quibu-3
864 3214 1229 3280 permittetur,
1285 3214 1440 3268 liceat
1493 3213 1728 3267 accedere
