2315 3559
244 1374 498 1418 necessarIO

243 1429 462 1473 servanda
479 1444 489 1483 3

584 194 687 252 254
757 213 1006 253 Eris'rOLA
1044 215 1092 254 R.
1137 215 1183 254 P.
1225 216 1277 255 N.
1319 214 1438 255 ΑΝΤ.
1490 215 1614 255 MAR.
1663 216 1972 257 ANDERLEDY

584 366 831 428 tempore
889 362 1106 429 regulae
1151 362 1633 431 obtemperarunt?
1676 362 1826 418 Certe
1865 380 1971 417 non
2009 364 2150 418 arbi-

584 466 794 513 tramur
833 460 1011 515 minus
1059 478 1224 529 quam
1269 479 1365 516 nos
1411 463 1677 531 sapientes
1716 462 1879 517 fuisse
1917 463 2148 518 maiores

583 566 815 627 nostrOS,
849 559 1027 614 minus
1066 560 1375 615 animorum
1403 561 1589 616 salutis
1636 561 1944 616 studiosos?
1974 562 2150 618 Caele-

583 658 650 711 sti
712 658 875 713 etiam
928 659 1031 728 ipsi
1087 659 1260 727 magis
1311 678 1476 729 quam
1527 662 1765 716 humana
1815 662 2149 717 ducebantur

582 757 864 826 sapientia,
907 776 1336 828 persuasumque
1373 760 1662 829 habebant,
1701 778 1924 816 munere
1956 761 2148 816 Divino

581 868 827 915 constare
878 861 1149 916 humanae
1199 861 1384 916 salutis
1424 879 1663 931 operam.
1712 862 1856 926 Quae
1906 880 2033 918 vero
2083 864 2148 918 de

580 961 727 1014 caelo
772 960 928 1015 nobis
963 961 1263 1016 obveniunt
1296 961 1456 1030 dona,
1499 962 1852 1018 oboedienter
1895 964 2149 1018 mandata

581 1059 836 1114 facientes
882 1060 1204 1129 impetrant;
1259 1078 1366 1116 non
1417 1061 1739 1131 impediunt.
1789 1061 2146 1131 Obsequendo

580 1159 673 1214 Dei
748 1160 1031 1229 voluntati,
1109 1178 1217 1216 non
1296 1161 1614 1230 resistendo,
1692 1162 1939 1217 divinum
2012 1180 2146 1231 opus

579 1260 911 1329 perficimus

648 1360 775 1424 Quis
826 1369 1007 1416 autem
1065 1361 1292 1430 dubitet,
1347 1361 1480 1430 quin
1535 1363 1617 1416 lex
1665 1363 1771 1416 lata
1827 1361 2145 1417 auctoritate

578 1460 841 1529 legitima,
866 1462 1187 1530 Apostolicis
1215 1462 1380 1517 etiam
1407 1462 1892 1517 Constitutionibus
1919 1463 2140 1530 sancita,

578 1562 906 1630 integritatis
973 1571 1188 1618 nostrae
1250 1572 1429 1619 custos
1485 1583 1543 1619 ac
1612 1564 1963 1633 praesidium,
2023 1564 2144 1632 quis

577 1663 806 1730 dubitet,
839 1663 971 1731 quin
1011 1681 1072 1718 ea
1113 1666 1192 1718 lex
1238 1664 1331 1718 Dei
1379 1664 1643 1719 voluntati
1681 1672 2037 1719 consentanea
2076 1663 2145 1717 sit

576 1770 739 1830 atque
783 1763 1191 1831 acceptissima?
1240 1763 1432 1818 Sancta
1482 1771 1562 1818 est
1612 1763 1702 1818 illa
1750 1765 1850 1832 lex,
1893 1763 1936 1817 si
1980 1763 2145 1830 origi-

575 1879 698 1917 nem
756 1869 988 1931 spectes;
1055 1870 1255 1931 sancta,
1304 1862 1348 1916 si
1411 1864 1731 1931 praeclaraS,
1792 1880 1925 1931 quas
1981 1862 2139 1930 parit,

575 1962 835 2017 utilitates
903 1962 1229 2018 consideres,
1285 1963 1354 2017 Ut
1419 1963 1550 2017 alias
1618 1971 1843 2031 taceam,
1891 1962 1981 2016 illa
2031 1963 2143 2017 sola

576 2071 762 2118 contra
788 2063 1204 2119 calumniatores
1233 2063 1510 2132 improbos
1544 2063 1862 2119 Societatem
1902 2072 2141 2118 nostram

574 2172 782 2219 tutatur
797 2183 810 2232 3
859 2164 949 2219 illa
998 2166 1173 2220 famae
1217 2173 1432 2219 nostrae
1470 2166 1939 2234 propugnaculum
1989 2173 2086 2219 est.

644 2265 837 2333 Ingens
900 2265 1140 2334 profecto
1191 2273 1270 2320 est
1330 2266 1555 2333 malum,
1614 2264 1902 2332 caliginem
1959 2263 2142 2319 induci

573 2364 783 2418 nomini
828 2382 888 2418 ac
938 2364 1113 2420 famae
1163 2364 1328 2419 totius
1384 2364 1599 2420 Ordinis
1656 2363 1915 2431 religiosi,
1963 2371 2015 2418 et
2057 2364 2140 2418 vel

573 2464 732 2518 unius
789 2464 1157 2532 imprudentia
1217 2472 1327 2519 tota
1382 2464 1703 2532 gravissime
1747 2463 1914 2532 affligi
1964 2470 2140 2532 potest

572 2563 825 2619 Societas
847 2564 998 2628 Quod
1022 2565 1065 2619 si
1087 2565 1363 2633 acciderit,
1382 2565 1561 2634 quivis
1583 2572 1829 2619 nostrum
1851 2563 1937 2618 vix
1958 2563 2139 2618 subire

573 2666 782 2718 vultum
835 2664 1068 2719 aliorum
1120 2666 1407 2719 hominum
1453 2665 1692 2733 audebit,
1735 2665 1820 2718 vix
1870 2665 2009 2718 serre
2058 2681 2139 2717 as-

574 2771 787 2832 pectum
835 2764 1050 2832 poterit.
1101 2764 1202 2818 Res
1259 2765 1405 2819 enim
1456 2765 1644 2819 matris
1695 2771 1909 2819 nostrae
1964 2762 2138 2818 Socie-

572 2863 715 2930 tatis,
780 2871 897 2917 tum
954 2881 1246 2932 prosperae
1307 2873 1424 2919 tum
1487 2866 1763 2931 adversae,
1822 2880 2136 2919 communes

571 2965 727 3020 nobis
789 2972 931 3032 sunt,
986 2972 1038 3019 et
1086 2983 1209 3020 cum
1260 2966 1433 3020 laudis
1495 2973 1546 3021 et
1596 2964 1804 3020 decoris
1850 2964 2017 3032 ipsius
2068 2962 2136 3016 sit

571 3065 838 3134 particeps
878 3065 1253 3133 unusquisque
1298 3074 1563 3133 nostrum,
1606 3066 1807 3120 iustum
1859 3082 1984 3119 sane
2034 3072 2130 3132 est,

570 3173 630 3220 ut
672 3165 851 3234 quivis
891 3165 1054 3220 etiam
1094 3174 1338 3221 nostrum
1379 3184 1600 3236 operam
1638 3166 1879 3221 conferat
1915 3181 2133 3219 omnem
