2315 3559
622 226 670 263 R.
715 227 760 263 Ρ.
803 226 854 263 N.
899 226 1051 263 PETRI
1091 225 1255 264 BEcssx
1615 212 1718 268 393

227 490 291 544 ΙΙ.
317 506 382 544 AD
405 507 597 545 PATRES
618 507 681 544 ET
703 507 932 545 Fffi‘rsssss
961 508 1275 559 socmTATis,
1299 491 1330 547 8
1352 492 1486 546 iunii
1513 492 1648 548 1856

365 631 441 685 De
467 630 682 698 Spiritu
709 630 766 685 S.
796 632 862 685 P.
892 632 958 686 N.
988 632 1200 701 Iynatz'i
1225 633 1503 687 excitando

598 770 769 837 (Tom.
797 771 886 837 ΙΙΙ,
919 789 1005 839 pp.
1032 771 1270 839 86-101.)

182 929 263 974 1-3.
297 930 652 975 Trecentesimus
666 944 690 974 a
705 938 847 975 morte
862 932 901 976 S.
918 932 960 975 P.
975 932 1023 975 N.
1038 932 1368 976 anniversarius
1383 932 1475 977 dies
1490 933 1716 977 celebran-

261 1016 341 1060 dus
356 1023 437 1069 est,
450 1016 549 1060 licet
565 1017 742 1071 publice
760 1018 865 1061 nihil
882 1018 983 1061 novi
999 1018 1222 1062 consuetis
1241 1018 1480 1063 sollemniis
1495 1019 1712 1073 addendo,

259 1109 404 1147 tamen
445 1103 560 1147 intra
596 1103 790 1157 parietes
831 1104 1097 1148 domesticos
1132 1105 1430 1159 peculiaribus
1466 1106 1713 1151 devotionis

260 1188 414 1232 officiis
450 1195 493 1232 et
529 1189 692 1233 sanctis
724 1189 954 1234 desideriis
985 1190 1080 1234 eius
1111 1190 1313 1244 spiritum
1343 1191 1387 1234 in
1419 1191 1547 1236 nobis
1578 1192 1714 1236 susci-

263 1273 414 1318 tando.

222 1360 260 1402 4.
295 1359 485 1404 Necesse
503 1360 681 1404 omnino
706 1367 772 1405 est
792 1366 840 1405 ut
860 1361 931 1405 ille
954 1361 1134 1416 spiritus
1157 1369 1463 1408 conservetur.

174 1445 259 1488 5-6.
295 1445 381 1489 Nec
427 1446 586 1489 sufficit
624 1446 677 1489 ad
716 1447 799 1490 hoc
839 1447 978 1491 virtus
1020 1448 1299 1501 communis3
1347 1448 1424 1492 sed
1469 1463 1520 1492 ex
1559 1449 1709 1493 verbis

258 1530 425 1575 L'rhani
439 1531 530 1576 VIII
547 1532 589 1575 in
608 1532 726 1576 bulla
742 1531 1090 1577 Canonizationis
1113 1534 1442 1578 demonstratur
1459 1535 1611 1588 quales
1628 1549 1709 1580 nos

258 1630 356 1661 esse
379 1623 595 1672 oporteat.

149 1703 259 1747 7-12.
293 1703 412 1747 Idem
442 1703 616 1757 plenius
647 1704 958 1758 cognoscimus
988 1718 1040 1748 ex
1074 1705 1468 1750 Constitutionibus
1498 1706 1663 1751 nostris
1697 1721 1706 1748 :

258 1802 444 1843 quarum
480 1789 516 1833 si
551 1789 761 1834 corticem
795 1790 1049 1834 mutabilem
1085 1805 1184 1835 esse
1219 1791 1356 1835 voluit
1394 1791 1435 1835 S.
1475 1791 1518 1835 P.
1561 1792 1628 1846 N„
1667 1798 1710 1836 at

255 1874 434 1918 minime
471 1874 671 1929 spiritum
707 1876 996 1930 paupertatis,
1039 1877 1338 1931 castimoniae,
1382 1877 1706 1932 oboedientiae,

256 1959 527 2003 humilitatis.

146 2042 285 2087 13-14.
319 2043 581 2089 Humilitatis
603 2045 780 2090 tertium
797 2045 981 2099 gradum
1004 2046 1207 2101 amplecti
1230 2052 1430 2092 nostrum
1452 2061 1550 2092 esse
1571 2048 1709 2093 voluit

254 2128 295 2173 S.
321 2129 366 2172 P.
390 2129 439 2172 N.

146 2213 284 2258 15-16.
317 2213 348 2257 F
351 2215 552 2268 ugiamus
573 2228 681 2268 ergo
710 2228 822 2269 quae
848 2215 948 2260 huic
970 2216 1125 2270 gradui
1147 2216 1454 2271 adversantur,
1485 2231 1706 2262 memores

254 2300 497 2344 vocationis
520 2307 713 2345 nostrae.

146 2385 283 2429 17-19.
317 2385 451 2430 Secus
469 2386 585 2430 enim
607 2400 663 2430 ne
681 2392 831 2431 cortex
849 2387 1025 2441 quidem
1042 2387 1411 2432 Constitutionum
1433 2395 1703 2443 servaretur,

253 2485 335 2515 nec
366 2477 486 2515 certe
517 2485 668 2516 earum
691 2472 870 2526 spiritus
893 2473 1185 2526 attingeretur
1205 2487 1230 2516 a
1250 2473 1394 2527 nobis,
1423 2488 1705 2529 quocumque

252 2556 298 2600 in
329 2556 485 2600 ordine
516 2562 560 2601 et
587 2557 727 2611 gradu
758 2557 1031 2610 constitutis;
1066 2571 1164 2602 cum
1197 2558 1239 2602 id
1271 2564 1442 2613 spectet
1468 2559 1522 2602 ad
1551 2573 1704 2604 omnes

251 2641 538 2695 perfectionis
571 2642 807 2696 studiosos,
830 2649 922 2687 tum
943 2643 1205 2697 praesertim
1227 2644 1281 2688 ad
1302 2658 1384 2688 nos
1406 2645 1583 2689 nomine
1605 2645 1705 2689 Iesu

251 2725 499 2780 insignitos.

142 2810 282 2856 20-24.
316 2811 408 2854 Hoc
452 2811 669 2856 voluimus
714 2826 813 2857 cum
853 2813 1038 2867 amplexi
1089 2827 1240 2858 sumus
1287 2814 1546 2859 Societatem
1562 2828 1577 2868 ;
1620 2815 1702 2860 hoc

250 2897 569 2951 praestiterunt
599 2897 785 2942 Maiores
816 2899 981 2951 nostri;
1005 2899 1086 2943 hoc
1109 2906 1366 2954 exspectant
1386 2914 1410 2944 a
1433 2900 1558 2945 nobis
1579 2900 1700 2954 boni,

251 2982 352 3025 mali
369 2996 475 3026 vero
493 2983 537 3026 in
554 2983 682 3027 nohis
700 2984 889 3028 oderunt
904 2990 947 3028 et
962 2985 1297 3039 pertimescunt.
1321 2987 1384 3030 Ad
1405 2987 1487 3030 hoc
1510 2987 1702 3041 denique

251 3067 406 3112 invitat
421 3068 475 3112 de
496 3068 699 3114 caelestis
721 3069 888 3124 gloriae
910 3071 1070 3115 throno
1092 3071 1132 3116 S.
1159 3071 1368 3126 Ignatius.
