2315 3559
514 222 612 276 476
1133 243 1239 280 REM
1267 257 1333 262 —
1355 243 1456 280 REN

508 384 759 428 communia
781 386 969 439 suntffl,
993 386 1060 436 02,
1084 386 1198 439 234),
1223 394 1267 431 et
1286 387 1421 431 multa
1442 389 1524 432 alia
1545 389 1594 441 (1,
1615 389 1710 433 253.
1736 390 1786 442 ΙΙ,
1811 391 1924 442 468),
1944 392 2073 434 etiam

507 470 844 523 persecutiones
866 471 916 523 (Ι,
935 470 1030 515 283.
1050 471 1144 515 287.
1166 471 1238 525 ΙΙΙ,
1256 472 1350 523 228,
1366 473 1479 526 270);
1502 489 1589 518 non
1607 482 1753 519 tamen
1773 477 1919 520 omnia
1935 478 1985 530 (Ι,
2004 477 2071 531 86,
2098 457 2101 464 ¹

507 554 704 607 253-255,
737 556 832 600 259.
866 556 925 601 Cf.
971 557 1043 611 ΙΙΙ,
1077 558 1134 611 7),
1168 572 1266 601 cum
1308 559 1547 604 habeamus
1591 575 1774 615 scopum
1807 562 1935 607 nobis
1973 577 2072 618 pro-

507 642 653 696 prium
675 643 745 695 (ll,
769 642 864 686 234.
890 642 951 687 Cf.
977 643 1049 696 ΙΙΙ,
1080 643 1137 697 9).

562 728 678 781 Ergo
716 735 929 782 superent
964 742 1045 773 nos
1077 729 1147 772 alii
1179 730 1320 774 victus
1356 731 1590 786 cultusque
1623 734 1877 787 asperitate,
1912 741 1955 778 at
1985 748 2074 778 non

508 813 854 867 oboedientiatl,
879 814 965 867 33),
986 828 1066 858 nec
1088 814 1240 859 labore
1262 815 1306 859 in
1331 816 1515 860 salutem
1537 819 1725 871 proximi
1756 819 1827 872 (II,
1860 818 1954 870 234,
1978 819 2074 874 236,

505 899 619 951 237),
645 914 790 954 neque
812 900 1053 944 humilitate
1076 901 1125 954 (Ι,
1151 901 1263 954 427),
1281 916 1367 956 qua
1384 903 1579 947 omnium
1599 904 1770 948 maximi
1789 912 1832 948 et
1848 905 2075 960 principes

507 986 643 1029 simus
665 986 884 1029 enitamur
905 986 955 1038 (Ι,
980 985 1094 1040 381),
1117 987 1297 1031 minime
1330 1002 1410 1032 nos
1442 989 1701 1033 extollentes
1734 1004 1869 1044 super
1899 997 2073 1035 ceteros

505 1072 575 1124 (ll,
592 1071 645 1115 28
655 1072 685 1121 4,
698 1071 912 1126 315-317),
930 1072 1006 1116 sed
1022 1073 1075 1116 de
1091 1073 1312 1127 omnibus,
1328 1080 1376 1118 ut
1388 1088 1469 1128 par
1485 1081 1565 1126 est,
1582 1077 1823 1120 honorifice
1838 1077 2074 1130 loquentes

505 1158 556 1211 (Ι,
579 1157 693 1211 382),
718 1164 760 1202 et
781 1172 880 1202 cum
912 1159 978 1202 his
1011 1159 1149 1203 sicubi
1172 1160 1217 1203 in
1240 1160 1396 1204 eodem
1418 1161 1515 1205 loco
1535 1162 1827 1213 versabimur,
1852 1163 2076 1207 humiliter

507 1259 586 1288 nos
608 1252 817 1298 gerentes
839 1246 889 1299 (Ι,
923 1246 1036 1301 228),
1060 1247 1339 1302 maximeque
1362 1254 1571 1292 caventes
1601 1249 1654 1292 ab
1680 1250 1973 1294 aemulatione
1995 1250 2075 1294 zeli

503 1331 575 1384 (ΙΙ,
606 1330 701 1385 317,
736 1330 848 1385 318),
890 1347 1002 1386 quae
1033 1334 1225 1377 humana
1259 1335 1437 1378 miseria
1475 1342 1543 1379 est
1576 1335 1648 1389 (ΙΙ,
1690 1336 1802 1389 474).
1849 1336 1940 1379 Alia
1980 1336 2074 1380 vicl.

509 1418 715 1463 Societas
736 1418 855 1463 Iesu.

560 1534 819 1579 REMISSIO
841 1535 1036 1578 animum
1060 1536 1236 1590 frangit,
1270 1536 1383 1580 sicut
1413 1551 1565 1581 arcum
1596 1537 1788 1581 intensio
1807 1537 1856 1590 (Ι,
1881 1537 1923 1590 5)
1950 1552 1958 1580 ;
1986 1537 2074 1581 vid.

506 1620 673 1674 Otium,
697 1621 857 1677 Tepor.
884 1621 930 1664 In
953 1622 1267 1676 Superioribus
1291 1629 1504 1677 quantum
1528 1630 1685 1667 noceat
1706 1624 1909 1667 remissio
1932 1624 1982 1677 (Ι,
2006 1623 2077 1667 99-

510 1707 620 1761 101),
644 1708 813 1751 etiamsi
835 1707 1026 1752 lenitatis
1049 1723 1098 1752 ac
1122 1710 1348 1753 suavitatis
1370 1710 1495 1754 titulo
1519 1711 1838 1754 cohonestetur
1854 1711 1924 1764 (ΙΙ,
1954 1710 2046 1761 194)
2067 1725 2076 1754 :

508 1793 599 1838 vicl.
624 1794 882 1847 Exsecutio,
899 1794 1191 1848 Gubernatio,
1217 1795 1497 1851 Superiores.

562 1911 880 1956 RENOVATIO
903 1912 1156 1957 SPIRITUS
1182 1913 1322 1967 posita
1353 1919 1419 1957 est
1450 1913 1491 1956 in
1526 1914 1689 1957 veteris
1720 1914 1909 1958 hominis
1940 1913 2080 1957 refor—

508 1997 700 2041 matione
723 1997 775 2041 ad
798 1998 1023 2052 exemplar
1043 1998 1201 2043 Christi
1232 1999 1282 2052 (Ι,
1318 2000 1430 2053 121),
1465 2014 1597 2053 quem
1630 2007 1825 2044 veterem
1855 2000 2078 2044 hominem

509 2084 721 2127 nonnulla
743 2084 869 2138 signa
891 2091 1071 2128 externa
1095 2085 1404 2129 demonstrant
1424 2086 1475 2139 (Ι,
1500 2086 1594 2139 119,
1626 2086 1731 2137 120).

564 2170 770 2222 Quamvis
801 2171 909 2214 haec
942 2171 997 2214 sit
1028 2172 1171 2215 omnis
1202 2172 1417 2226 temporis
1448 2173 1519 2227 (11,
1553 2172 1648 2216 385.
1682 2172 1744 2216 Cf.
1780 2174 1810 2225 Ι,
1849 2173 1958 2226 149),
1995 2187 2077 2216 nec

508 2255 639 2299 modo
672 2256 856 2309 singulis
887 2257 1014 2300 annis
1051 2271 1101 2300 ac
1132 2257 1361 2301 mensibus
1403 2258 1595 2312 saepius,
1630 2259 1704 2301 sed
1748 2259 1877 2302 etiam
1919 2258 2078 2302 cotidie

508 2341 599 2393 (ΙΙΙ,
632 2341 730 2395 266)
761 2341 1022 2393 inchoanda,
1053 2342 1105 2386 ad
1136 2349 1331 2387 mentem
1365 2344 1482 2387 Pauli
1514 2351 1557 2387 et
1589 2344 1764 2387 Patrum
1796 2343 1845 2397 (Ι,
1885 2343 2076 2397 121-123,

514 2427 705 2481 128-132,
738 2428 959 2483 292-293),
994 2429 1234 2484 praecipue
1265 2435 1412 2474 tamen
1445 2431 1781 2474 commendatur
1811 2431 1852 2473 in
1877 2437 2078 2484 tempore

509 2515 769 2568 acceptabili
792 2515 841 2568 (I,
863 2516 952 2567 117,
976 2514 1068 2569 163,
1087 2515 1183 2569 296,
1203 2515 1298 2560 390.
1320 2516 1371 2569 ΙΙ,
1390 2516 1486 2569 255,
1507 2516 1601 2560 386.
1624 2517 1696 2571 111,
1716 2517 1801 2570 87).
1822 2516 2080 2561 Ostenditur

509 2602 639 2645 huius
665 2602 905 2646 necessitas
932 2616 940 2645 :

566 2689 609 2731 ‘1⁰
639 2688 698 2732 Ex
730 2688 998 2742 obligatione
1029 2689 1254 2743 perfectae
1286 2690 1399 2734 vitae
1431 2690 1755 2733 consectandae
1787 2690 1837 2742 (Ι,
1876 2689 1967 2742 123)
1992 2704 2000 2732 ;
2025 2690 2076 2733 ad

511 2789 642 2829 quam
671 2775 849 2819 assiduo
882 2775 1117 2818 luctamine
1151 2789 1263 2830 opus
1297 2783 1365 2820 est
1394 2776 1609 2820 adversus
1641 2776 1869 2825 mundum,
1905 2776 2079 2819 daemo-

511 2875 611 2905 nem
636 2867 679 2904 et
699 2875 877 2904 carnem
901 2862 950 2911 (Ι,
971 2860 1167 2905 293-295.
1193 2861 1254 2905 Cf.
1280 2861 1311 2915 Ι,
1335 2861 1403 2910 89,
1434 2861 1523 2913 126,
1556 2861 1661 2915 127).

564 2946 608 2990 ’20
630 2946 689 2990 Ex
712 2946 980 3000 obligatione
998 2946 1039 2989 in
1063 2947 1250 3000 proximi
1266 2946 1449 2990 salutem
1473 2946 1756 2990 incumbendi
1775 2945 2046 2998 (ΙΙ,2ἴ’3-2ἰῐ6)
2067 2961 2076 2989 :

510 3032 563 3076 ad
587 3046 717 3086 quam
741 3031 909 3075 eximiis
931 3032 1058 3075 donis
1081 3038 1125 3075 et
1145 3032 1380 3076 virtutibus
1410 3032 1558 3076 ornari
1584 3046 1663 3076 nos
1697 3038 1873 3085 oportet
1888 3031 1939 3084 (Ι,
1968 3031 2075 3083 124),

510 3124 557 3162 ut
576 3118 771 3162 Societas
792 3118 934 3172 possit
955 3117 1097 3160 officio
1122 3131 1200 3160 suo
1225 3118 1479 3161 satisfacere
1501 3118 1550 3170 (Ι,
1581 3117 1788 3168 159-161).

563 3204 608 3248 3Ο
638 3205 697 3249 Ex
719 3218 771 3249 eo
795 3204 911 3259 quod
943 3204 1095 3248 fervor
1124 3203 1250 3247 facile
1272 3204 1524 3258 refrigescit
1543 3203 1594 3257 (I,
1620 3202 1732 3257 124),
1757 3203 1875 3256 quod
1898 3215 2077 3256 semper
