2315 3559
200 679 301 719 Reg.
313 676 491 709 Ministr.

232 2159 359 2199 Epist.
377 2159 429 2191 ad

189 2200 231 2232 P.
249 2202 370 2241 Gasp.
389 2202 485 2234 Bar-

257 2250 416 2274 zaeum.

231 2284 327 2324 Apr.
342 2285 436 2316 1552.

558 189 658 246 19⁸2
731 207 980 246 EPISTOLA
1019 209 1067 247 R.
1112 210 1158 248 Ρ.
1202 211 1253 249 Ν.
1296 210 1415 249 ΑΝΤ.
1466 211 1590 251 ΜΑΒ.
1641 213 1950 252 ANDERLEDY

556 369 677 407 sum
748 355 826 408 vel
896 356 1250 423 superfluum.
1322 358 1514 424 Atque,
1586 365 1643 412 ut
1717 358 1894 413 dicam
1979 361 2124 427 quod

555 461 712 521 caput
764 461 859 522 est,
913 454 1062 509 domi
1116 454 1356 509 Minister
1405 456 1680 511 continere
1732 475 1787 512 se
1838 458 2014 527 debet,
2067 467 2127 512 ut

555 561 768 620 praesto
831 554 901 607 sit
960 554 1157 608 nostris
1216 555 1282 608 ad
1333 554 1574 609 licentias
1625 565 1677 610 et
1725 558 1790 611 ad
1848 575 1931 611 res
1986 558 2126 613 vitae

555 654 905 707 necessarias.

622 753 807 821 Neque
849 753 993 807 enim
1021 752 1280 807 satisfacit
1307 754 1501 821 officiO,
1532 772 1628 809 nec
1667 755 1881 810 divinae
1920 756 2127 811 obtem-

551 862 703 921 perat
764 853 1045 921 voluntati,
1111 854 1206 921 qui
1269 872 1323 909 se
1387 855 1658 909 subtrahit
1714 856 1843 924 suiS,
1902 865 1961 911 ut
2016 866 2125 912 stu-

551 953 722 1020 dium,
798 952 1039 1007 laborem
1113 962 1165 1007 et
1237 961 1450 1022 tempus
1530 955 1810 1024 impertiat
1892 957 2122 1011 externis

551 1051 882 1106 hominibus.
950 1050 1091 1107 Ordo
1154 1054 1404 1108 caritatis
1457 1056 1714 1122 postulat,
1775 1055 1847 1109 ita
1910 1056 2123 1124 scripsit

550 1150 599 1204 S.
656 1151 968 1205 Franciscus
1006 1152 1285 1220 Xaverius‚
1334 1159 1395 1206 ut
1431 1154 1595 1220 prius
1637 1160 1687 1208 et
1728 1155 1908 1223 magis
1945 1157 2121 1210 dome-

547 1252 715 1317 sticiS,
764 1270 930 1320 quam
972 1253 1209 1306 eoeternis
1259 1254 1633 1307 consulatur...
1680 1254 1863 1308 Habeo
1895 1272 2120 1322 persua-

545 1351 850 1418 sissimum,
895 1352 1183 1419 praecipui
1227 1352 1320 1406 hoc
1363 1353 1634 1406 monitum
1678 1355 1939 1408 momenti
1975 1372 2122 1421 esse,·

545 1467 637 1502 nec
674 1450 785 1518 fere
824 1451 1165 1504 tolerabilius
1201 1468 1386 1505 errare
1426 1452 1567 1520 illos,
1609 1453 1706 1521 qui
1742 1453 1911 1506 oculis
1947 1453 2120 1507 bomi-

544 1568 676 1603 num
710 1550 943 1617 probare
979 1567 1049 1616 se,
1090 1551 1325 1617 speciosa
1361 1551 1642 1618 superficie
1679 1552 1928 1619 contenti,
1969 1552 2119 1606 niliil

538 1649 698 1716 pensi
759 1650 1018 1704 liabent...
1083 1650 1186 1704 Dei
1240 1651 1512 1705 obtutibus
1565 1651 1893 1719 satisfacere,
1953 1670 2116 1720 quam

544 1749 703 1817 qui...
769 1750 1010 1804 civitatis
1065 1756 1283 1817 captant
1340 1751 1601 1819 qratiam,
1666 1768 1774 1805 sese
1827 1769 2117 1819 perperam

543 1849 875 1904 arbitrantes
946 1850 1192 1918 officium
1264 1851 1513 1918 eocplessc,
1591 1851 1746 1904 cuius
1806 1851 1991 1918 primo
2058 1869 2117 1904 ac

541 1949 743 2016 potiori
791 1949 963 2016 capite
1018 1950 1248 2018 neylecto
1298 1950 1359 2004 in
1397 1951 1788 2017 posterioribus
1830 1952 2117 2004 dumtaxat

542 2055 592 2103 et
627 2050 933 2103 accessoriis
972 2056 1141 2104 totum
1175 2057 1512 2117 praepostere
1547 2051 1976 2118 consumpserint
2003 2057 2115 2104 stu-

542 2150 719 2205 dium.
764 2149 1039 2204 Aberrant
1077 2156 1183 2204 tota
1231 2151 1340 2215 via,
1389 2151 1485 2219 qui
1529 2151 1604 2204 sic
1646 2157 1833 2219 ayunt.

613 2248 836 2303 Sanctus
883 2266 1009 2304 vero
1061 2249 1267 2317 PetrUS,
1310 2249 1364 2303 in
1404 2267 1466 2304 eo
1512 2267 1735 2305 munere
1780 2251 1854 2305 ita
1898 2268 1953 2305 se
1997 2268 2114 2317 ges-

543 2348 630 2417 sit,
677 2356 737 2402 ut
786 2366 972 2404 omnes
1000 2349 1403 2416 vigilantissimi
1449 2350 1683 2404 ministri
1728 2359 1907 2419 partes
1946 2368 2110 2419 quam

541 2448 956 2515 diligentissime
999 2449 1308 2517 expleverit.
1340 2449 1431 2503 Vir
1458 2450 1565 2518 ille,
1597 2450 1640 2504 si
1676 2450 1797 2519 quis
1826 2468 2106 2519 umquam,

540 2547 787 2603 incensus
833 2550 1013 2604 studio
1063 2549 1394 2617 animorum,
1444 2551 1628 2617 magni
1668 2551 1896 2605 faciebat
1934 2550 2111 2605 insue-

538 2657 654 2703 tum
712 2650 845 2704 hoce
913 2649 1168 2704 officium.
1225 2650 1448 2704 Prorsus
1511 2651 1748 2706 intentus
1810 2651 1865 2705 in
1927 2650 2109 2705 omnia

539 2766 677 2818 quae
738 2751 993 2817 prodesse
1054 2750 1301 2818 collegiO,
1366 2751 1565 2805 solacio
1628 2769 1742 2806 esse
1797 2751 2107 2806 domesticis

539 2856 806 2917 poterant,
882 2848 1212 2915 advigilabat
1279 2850 1484 2917 sedule,
1550 2850 1877 2918 praeteribat
1948 2849 2102 2917 nihil,

541 2948 768 3003 minima
819 2948 982 3002 etiam
1039 2950 1280 3004 curabat.
1322 2949 1554 3004 Dilectus
1610 2950 1716 3005 Deo
1773 2958 1824 3005 et
1873 2950 2108 3005 homini-

538 3049 656 3116 buS,
710 3048 844 3103 adeo
901 3048 1152 3103 omnibus
1222 3068 1335 3104 sese
1415 3050 1681 3118 probavit,
1751 3058 1810 3104 ut
1870 3050 1982 3118 qui,
2042 3067 2103 3104 eo

538 3150 872 3216 moderante,
932 3149 1219 3216 collegium
1282 3149 1604 3218 incolebant,
1666 3150 1833 3204 vitam
1883 3158 2104 3218 agerent

534 3249 923 3318 periucundam
968 3267 1028 3304 ac
1075 3249 1559 3317 religiosissimam.
