2315 3559
569 238 670 295 210
742 256 992 296 EplsTOLA
1030 257 1079 297 R.
1122 257 1169 296 P.
1211 259 1264 297 N.
1306 258 1425 297 ANT.
1477 258 1602 297 MAR.
1642 259 1952 299 ANDERLEDY

570 400 855 457 Sacerdote
910 411 1114 458 tantam
1170 411 1412 472 repetere
1469 406 1743 472 poenam?
1798 405 1956 460 Estne
2006 406 2136 461 haec

569 501 660 556 illa
708 502 1012 570 benignitas
1058 510 1299 572 paterna,
1348 521 1512 571 quam
1564 505 1822 558 extollunt
1864 505 2133 573 laudibus,

569 602 664 670 qui
703 603 768 657 de
808 603 967 657 rebus
1004 621 1033 657 a
1077 602 1127 657 S.
1177 603 1386 670 Ignatio
1437 604 1600 670 gestis
1645 604 2013 672 scripserunt?
2046 605 2138 660 Est

569 703 729 757 sane!
797 703 1106 770 Benignitas
1162 703 1293 757 haec
1344 702 1571 770 insignis
1622 705 1862 772 profecto
1914 705 2131 760 exstitit.

568 803 685 857 Non
731 802 875 856 enim
921 802 1013 856 uni
1059 803 1235 857 solum
1274 810 1606 871 nostrorum,
1652 805 1745 858 sed
1789 803 1889 858 toti
1934 805 2138 872 profuit

567 901 838 969 Societati,
886 920 982 956 nec
1027 903 1203 957 solum
1253 902 1320 957 de
1369 901 1494 956 filiis
1535 920 1661 958 suae
1698 904 1888 958 aetatis
1932 903 2136 972 optime

568 1003 793 1057 meritus
854 1010 934 1056 est
994 1001 1044 1057 S.
1113 1002 1328 1070 ParenS,
1371 1004 1463 1058 sed
1525 1002 1688 1057 etiam
1751 1005 1816 1058 de
1884 1003 2131 1072 posteris,

567 1101 814 1156 Erudivit
885 1101 1030 1156 enim
1092 1119 1298 1170 omneS,
1364 1103 1457 1171 qui
1513 1102 1648 1156 nihil
1710 1103 1765 1157 in
1829 1120 1889 1158 ea
1950 1105 2136 1171 regula

566 1200 828 1255 momenti
867 1219 982 1256 esse
1020 1209 1229 1270 putant,
1260 1219 1490 1270 eamque
1517 1202 1621 1257 levi
1660 1204 1726 1257 de
1763 1220 1922 1257 causa
1957 1204 2137 1271 negle-

564 1309 726 1368 gunt;
781 1309 832 1356 et
881 1319 1111 1370 poenam
1174 1302 1466 1370 irrogando
1528 1320 1769 1371 gravem,
1828 1303 2017 1371 quanti
2068 1303 2136 1357 sit

565 1402 820 1470 ponderis
888 1403 1019 1457 haec
1087 1402 1460 1471 praescriptio,
1526 1403 1688 1457 etiam
1750 1420 1847 1457 nos
1897 1402 2129 1457 edocuit.

566 1501 687 1555 Fuit
760 1519 887 1556 sane
947 1502 1372 1570 benignissimus
1435 1510 1585 1570 pater
1646 1502 1803 1557 divus
1871 1503 2129 1570 IgnatiuS‚

564 1602 804 1657 filiorum
855 1603 1261 1657 amantissimus
1306 1602 1571 1657 omnium.
1631 1603 1704 1657 Ea
1755 1603 1819 1657 de
1863 1620 2022 1658 causa
2065 1602 2132 1656 ad

564 1704 902 1758 sanctitatem
966 1703 1201 1758 instituit
1263 1721 1468 1771 omneS,
1528 1711 1579 1758 et
1634 1711 1904 1772 quotquot
1959 1703 2135 1771 potuit

562 1804 768 1871 gloriae
818 1812 1066 1858 aeternae
1118 1803 1242 1858 fecit
1296 1803 1604 1872 participes,
1665 1803 1859 1857 Contra
1912 1802 2133 1870 benigni

563 1921 670 1958 non
720 1912 845 1959 sunt
887 1922 983 1958 nec
1027 1904 1236 1972 paterni
1286 1903 1579 1972 praesideS,
1633 1903 1727 1971 qui
1777 1903 2028 1957 omnibus
2078 1902 2134 1956 in

563 2004 723 2058 rebus
785 2003 1037 2058 conivent
1098 2011 1151 2057 et
1215 2019 1377 2057 noxas
1433 2010 1595 2070 atque
1651 2009 1826 2056 errata
1882 2003 2130 2069 tolerant,

564 2104 883 2159 salutarium
911 2103 1205 2172 aliquando
1232 2104 1578 2157 flammarum
1606 2102 1821 2170 ignibus
1849 2102 2128 2170 expianda.

633 2205 865 2260 Mentem
910 2204 960 2260 S.
1010 2203 1204 2271 Ignatii
1243 2211 1580 2272 perspectam
1620 2203 1900 2258 habemus,
1932 2203 2132 2257 Eadem

565 2312 644 2360 est
694 2322 846 2360 mens
885 2303 1238 2372 Superiorum
1277 2302 1466 2358 aetatis
1505 2310 1719 2357 nostrae
1763 2319 1928 2371 quam
1967 2300 2134 2370 pluri-

564 2422 798 2459 morum.
860 2404 1054 2458 Facere
1103 2420 1211 2457 non
1261 2419 1481 2471 possum
1537 2403 1670 2471 quin
1719 2403 1861 2456 hunc
1911 2402 1976 2456 iis
2020 2401 2134 2456 ani-

563 2524 714 2561 mum
742 2524 802 2561 ac
831 2505 1086 2560 virtutem
1113 2505 1370 2572 gratuler,
1394 2504 1705 2573 gratiasque
1732 2521 1888 2571 agam
1915 2502 2134 2571 amplis-

564 2607 727 2661 simas
779 2607 844 2661 de
894 2613 1107 2672 conatii,
1155 2605 1338 2659 labore
1381 2622 1441 2658 ac
1485 2604 1684 2671 studi0,
1733 2621 1842 2672 quo
1891 2610 2131 2657 sanctam

564 2707 630 2761 de
676 2705 821 2760 socio
868 2706 1111 2773 regulam
1160 2704 1301 2759 tueri
1349 2704 1524 2759 conixi
1565 2711 1706 2758 sunt.
1755 2704 1940 2771 Neque
1987 2702 2132 2756 enim

565 2823 651 2860 me
690 2807 855 2860 latent
887 2805 1227 2860 difficultates
1261 2822 1320 2858 ac
1355 2804 1652 2872 molestiae,
1683 2821 1815 2872 quas
1851 2802 2133 2856 subierunt

565 2923 762 2973 magno
819 2905 1020 2973 animo,
1091 2912 1150 2958 ut
1204 2904 1297 2959 Dei
1353 2904 1790 2972 obtemperarent
1845 2901 2127 2969 voluntati,

564 3023 671 3075 qua
721 3023 849 3060 voce
899 3023 1006 3074 qua
1051 3006 1292 3073 exemplo
1332 3005 1480 3059 illam
1525 3006 1770 3071 regulam
1824 3002 2129 3057 inducendo

564 3108 647 3162 vel
685 3124 803 3161 eam
849 3106 1163 3161 sustinendo
1202 3106 1548 3161 incolumem.
1596 3106 1713 3159 Non
1758 3103 1946 3159 dubito
1996 3103 2128 3172 quin

567 3206 901 3262 vocationem
939 3214 1111 3261 tutam
1149 3206 1516 3274 praestiterint
1554 3206 1868 3273 multorum,
1905 3206 1972 3260 ad
2011 3221 2129 3272 per-
