2315 3559
492 262 592 318 156
665 280 914 319 EPISTOLA
952 282 1000 320 R.
1046 282 1091 320 Ρ.
1134 282 1186 321 N.
1228 282 1348 321 ANT.
1397 282 1521 320 MAR.
1573 282 1881 320 ANDERLEDY

492 424 724 480 riculum
775 427 968 482 afferre
1020 436 1214 496 potest,
1268 427 1446 482 odisse
1495 445 1593 482 nos
1647 435 1860 496 oportet
1918 444 2057 496 quae

491 532 615 578 sunt
642 525 861 580 inimica
899 527 1222 595 paupertati,
1254 544 1392 594 quae
1419 527 1794 581 oboedientiae
1821 527 2053 595 obstant,

492 642 630 692 quae
656 624 935 679 Societatis
964 627 1139 679 famae
1173 625 1563 680 detrimentum
1592 626 1848 693 inferunt,
1879 626 2058 681 odisse

492 732 551 778 ut
593 733 799 793 pestem
846 725 1019 780 otium
1065 733 1116 779 et
1143 725 1336 779 itinera
1382 742 1488 780 non
1525 725 1844 793 necessaria,
1881 725 2059 780 odisse

492 833 551 878 ut
576 834 783 893 pestem
814 825 1037 893 quaevis
1066 824 1222 891 mira,
1254 843 1374 878 rara
1402 826 1482 879 vel
1518 824 1811 892 singularia
1840 825 2058 880 videndi

492 932 543 977 et
586 924 842 978 audiendi
890 924 1228 991 aviditatem,
1277 932 1328 978 et
1379 942 1754 992 quaecumque
1797 926 1863 979 ad
1919 925 2060 979 dele-

490 1024 781 1078 ctationem
811 1032 1023 1077 tantum
1061 1041 1317 1078 sensuum
1347 1023 1549 1078 faciunt
1575 1032 1626 1078 et
1653 1024 1850 1092 quibus
1877 1024 2054 1079 Const.

493 1142 542 1191 p.
594 1124 687 1177 lIl.
720 1142 763 1177 c.
802 1124 850 1178 1.
899 1141 951 1176 n.
998 1122 1048 1176 4.
1099 1122 1446 1177 interdictum
1492 1132 1571 1177 est
1612 1123 1868 1190 gravibus
1912 1123 2059 1179 hisce

493 1222 669 1277 verbis
719 1241 728 1276 :
779 1222 977 1278 Omnes
1020 1223 1444 1291 diliyentissime
1487 1230 1672 1277 curent
1715 1230 1901 1291 portas
1942 1242 2059 1279 sen-

491 1340 654 1376 snum
686 1340 928 1386 snorum,
970 1322 1248 1376 oculorum
1275 1322 1584 1389 praecipue,
1615 1323 1843 1376 aurium
1868 1329 1916 1377 et
1952 1323 2059 1377 lin-

134 1420 370 1493 ⁶⁰⁰fithP'fi‘
387 1428 420 1453 ⁰·
491 1439 647 1490 quae,
679 1422 743 1475 ab
771 1421 924 1476 omni
952 1421 1359 1476 inordinatione
1385 1422 1666 1476 custodire.

560 1521 677 1574 Non
722 1519 1107 1588 qualicumque
1158 1520 1340 1587 modO,
1389 1520 1481 1574 sed
1537 1521 1961 1589 diligentissime
2004 1521 2057 1575 id

491 1621 791 1674 curandum
837 1638 951 1674 esse
989 1638 1019 1674 a
1046 1619 1095 1674 S.
1130 1619 1337 1687 ignatio
1381 1620 1728 1689 praecipitur.
1772 1620 1865 1675 Cui
1910 1639 2061 1689 prae-

490 1731 644 1791 cepto
695 1731 840 1777 certo
891 1730 1249 1777 consentanea
1310 1741 1418 1777 non
1463 1731 1542 1777 est
1601 1741 1790 1778 eorum
1853 1723 2056 1792 opiniO,

491 1823 585 1892 qui
632 1823 889 1891 sentiunt,
940 1823 1096 1878 nohis
1144 1823 1307 1877 etiam
1358 1831 1484 1878 nota
1530 1831 1581 1877 et
1634 1825 1907 1891 explorata
1945 1842 2058 1879 esse

492 1932 742 1992 oportere
799 1923 1001 1991 omnia,
1061 1941 1201 1991 quae
1239 1942 1268 1977 a
1312 1923 1551 1991 profanis
1608 1923 1921 1977 hominibus
1966 1925 2061 1978 ho-

492 2032 640 2078 neste
679 2023 909 2092 spectari
951 2024 1031 2078 vel
1070 2022 1251 2077 audiri
1290 2040 1446 2091 posse
1486 2022 1756 2077 videntur.

170 2122 392 2222 lSigggffiffi
561 2124 645 2179 19.
687 2124 955 2192 Quicquid
991 2124 1293 2178 oblectabat
1331 2125 1531 2191 ocuIOS,
1575 2124 1843 2178 mulcebat
1880 2142 2055 2190 aures,

198 2234 359 2278 frenat.
492 2225 679 2279 sedulo
726 2224 930 2278 vitabat
973 2222 1023 2278 S.
1075 2224 1319 2291 loanneS,
1367 2223 1609 2291 linguam
1662 2241 1787 2278 vero
1833 2223 2060 2292 diligen-

491 2323 700 2378 tissime
755 2323 1081 2378 continebat.
1143 2323 1294 2387 Quod
1334 2322 1379 2377 si
1418 2322 1558 2377 vires
1604 2331 1822 2392 superat
1866 2324 2060 2378 multo-

491 2442 631 2491 rum,
693 2424 841 2478 omni
898 2432 1080 2478 tamen
1120 2441 1221 2492 ope
1260 2432 1311 2478 et
1348 2441 1530 2491 opera,
1590 2423 1889 2478 dulcissimi
1951 2423 2060 2478 Sal-

490 2523 692 2578 vatoris
748 2524 919 2578 nostri
975 2541 1180 2590 amore,
1239 2523 1555 2577 enitendum
1611 2531 1691 2577 est
1744 2523 2057 2578 hominibus

491 2623 697 2677 mundo
754 2623 1042 2690 crucifixis,
1101 2630 1161 2676 ut
1215 2623 1280 2677 ad
1346 2624 1682 2691 praeclarum
1733 2624 1835 2677 hoc
1885 2640 2058 2677 exem-

491 2725 641 2791 plum
709 2723 983 2777 accedant.
1049 2722 1364 2790 Spirituales
1427 2722 1591 2790 enim,
1648 2730 1707 2776 ut
1757 2722 2053 2790 loquimur,

491 2841 606 2877 esse
668 2824 938 2876 volumus.
1004 2823 1272 2876 Mundana
1325 2822 1491 2889 igitur
1542 2821 1874 2890 repudianda
1934 2828 2059 2875 sunt

490 2930 542 2976 et
578 2921 829 2976 caelestia
868 2921 1022 2976 nobis
1063 2923 1432 2990 proponenda.
1484 2922 1541 2974 ln
1589 2929 1786 2975 terram
1832 2919 2057 2974 ferimur

491 3021 728 3090 pondere
786 3029 1029 3087 naturae,
1085 3028 1137 3075 et
1195 3020 1288 3088 qui
1348 3020 1545 3075 virtute
1601 3020 1790 3074 vivunt
1844 3018 2056 3073 modica

489 3119 746 3187 contenti,
801 3128 1001 3175 metam
1046 3119 1320 3188 attingunt
1363 3120 1572 3175 virtutis
1615 3119 1907 3189 nequidem
1947 3136 2057 3174 me-

490 3220 754 3276 diocrem.
