2315 3559
498 211 600 266 472
1231 229 1330 267 rao

554 373 664 425 Quid
680 374 896 427 professis
917 374 1106 417 voluerit
1126 374 1371 428 praescribi
1394 374 1433 418 S.
1462 375 1504 418 P.
1531 374 1579 418 N.
1604 374 1721 417 circa
1750 381 2056 428 paupertatem

499 460 570 513 (ll,
593 459 660 503 62.
687 460 759 513 111,
777 460 845 513 92,
864 460 977 511 294).

555 544 702 596 Qualis
719 545 949 588 domorum
972 545 1275 598 professarum
1292 551 1531 599 paupertas
1549 545 1599 598 (Ι,
1611 544 1706 598 273,
1718 544 1812 588 455.
1830 544 2061 599 ΙΙ,63,64),

500 644 612 684 quae
635 637 844 684 quantum
874 630 969 673 fieri
1000 636 1162 683 potest,
1194 630 1329 674 rebus
1360 631 1564 675 omnibus
1595 630 1824 684 expeditae
1854 630 1907 674 ad
1938 631 2061 675 Sedis

498 717 777 771 Apostolicae
806 716 1042 760 missiones
1073 716 1301 761 obeundas
1331 731 1430 761 esse
1461 717 1625 762 debent
1653 718 1704 770 (I,
1736 717 1850 769 239).
1883 717 1993 770 Quid
2027 718 2062 762 si

497 803 612 846 forte
628 803 672 846 in
694 803 840 856 aliqua
869 802 1044 845 civitate
1066 802 1230 845 Domus
1250 803 1480 856 professae
1504 803 1742 857 erigendae
1766 816 1864 846 sese
1887 803 2060 847 occasio

497 887 710 941 praebeat
730 887 779 940 (l,
799 887 895 940 274,
913 886 1027 938 469).

553 1003 932 1048 PROFESSORES
954 1003 1044 1056 (ΙΙΙ,
1071 1003 1161 1057 158)
1187 1018 1196 1047 :
1221 1003 1310 1047 vicl.
1335 1004 1561 1060 Magistri,
1581 1006 1810 1050 Lectores.

553 1120 919 1174 PROGRESSUS‚
954 1121 1230 1164 incrementa
1260 1127 1302 1164 et
1337 1135 1571 1165 successus
1600 1122 1844 1176 Societatis,
1881 1121 1934 1165 ab
1966 1122 2060 1166 eius

498 1187 605 1250 vero
623 1207 666 1250 in
691 1206 818 1250 nobis
840 1212 1104 1250 conservato
1126 1213 1431 1260 renovatoque
1454 1208 1611 1261 spiritu
1631 1208 1830 1262 pendent
1850 1208 1919 1260 (ΙΙ,
1944 1207 2059 1261 383);

498 1295 606 1338 haec
623 1300 767 1337 autem
786 1294 1066 1337 conservatio
1084 1307 1133 1336 ac
1150 1293 1302 1337 felices
1318 1307 1588 1347 progressus
1610 1294 1663 1337 ab
1686 1294 1914 1338 Exercitiis
1937 1295 2064 1349 spiri-

499 1380 689 1424 tualibus
707 1380 928 1434 speranda.
948 1380 999 1433 (I,
1018 1380 1115 1432 441)
1137 1395 1145 1423 :
1165 1379 1255 1423 vid.
1281 1381 1590 1430 conservatio,
1606 1381 1842 1436 Prospera.

554 1496 915 1542 PROMOVENDI
936 1496 987 1539 ad
1006 1496 1185 1549 gradus,
1219 1496 1447 1539 doctrinae
1478 1496 1742 1540 christianae
1774 1496 2063 1549 quadraginta

500 1583 593 1626 dies
610 1589 828 1637 peragant
847 1582 898 1637 (Ι,
917 1581 1015 1635 275)
1042 1597 1050 1626 :
1075 1582 1164 1626 vm.
1182 1582 1549 1627 Informationes.

554 1699 854 1752 PROSPERA,
875 1699 1104 1753 laetosque
1123 1713 1172 1742 ac
1194 1699 1345 1742 felices
1375 1712 1631 1752 processus,
1666 1698 1741 1742 Dei
1771 1699 2061 1753 benignitate,

499 1785 693 1830 Societas
725 1791 965 1829 consecuta
995 1791 1062 1829 est
1082 1786 1133 1837 (l,
1165 1784 1260 1828 282.
1286 1784 1346 1828 Cf.
1373 1784 1404 1839 1,
1436 1784 1503 1828 55.
1528 1785 1595 1838 96,
1621 1786 1828 1839 1·18,14‹5,
1852 1785 1945 1835 216,
1966 1785 2061 1829 429.

500 1869 551 1918 ΙΙ,
572 1869 667 1923 322,
685 1868 799 1923 396),
821 1884 908 1913 non
925 1869 1056 1913 alium
1075 1876 1195 1913 certe
1218 1870 1260 1912 in
1285 1870 1431 1923 linem,
1457 1870 1536 1913 nisi
1560 1876 1608 1914 ut
1627 1870 1670 1913 in
1693 1870 1916 1914 Ecclesiae
1939 1870 2065 1914 obse-

501 1956 651 2010 quium
674 1963 717 2001 et
738 1957 980 2000 animarum
1005 1956 1232 2000 utilitatem
1258 1962 1373 2000 totos
1396 1970 1476 2000 nos
1507 1957 1867 2011 impenissleremus
1892 1958 1943 2009 ll,
1966 1957 2062 2011 229,

499 2043 593 2088 239.
615 2043 675 2088 Cf.
697 2044 726 2091 Ι,
754 2044 843 2092 179,
862 2043 1060 2097 241-245,
1079 2043 1276 2096 aaa-304,
1301 2042 1396 2095 459,
1420 2043 1533 2089 460).
1568 2044 1620 2086 At
1640 2043 1810 2087 facilius
1833 2044 1931 2097 quis
1963 2044 2061 2087 elidi

499 2135 647 2184 potest
674 2130 906 2184 prosperis
942 2144 1072 2183 quam
1109 2129 1307 2173 adversis
1329 2129 1380 2181 (I,
1403 2129 1517 2181 284).
1557 2129 1700 2181 Quare
1736 2130 1905 2173 etiamsi
1928 2129 2064 2173 rebus

498 2216 664 2260 utimur
685 2216 907 2270 secundis,
936 2230 1158 2259 memores
1181 2216 1316 2259 simus
1337 2215 1487 2259 Crucis
1510 2215 1762 2269 Salvatoris,
1786 2216 1909 2259 cuius
1931 2216 2065 2260 hene-

499 2302 597 2346 ficio
629 2302 670 2345 id
701 2302 795 2345 lieri
826 2302 1068 2355 putandum
1103 2307 1170 2345 est
1199 2302 1250 2355 (1,
1273 2301 1340 2345 65.
1372 2301 1442 2351 111,
1469 2301 1528 2355 5),
1560 2301 1619 2344 ita
1640 2307 1686 2345 ut
1705 2315 1922 2355 prospera
1954 2302 2066 2346 sicut

500 2388 687 2432 adversa
707 2387 813 2430 liant
836 2387 962 2431 nobis
980 2401 1099 2430 arma
1118 2387 1306 2431 iustitiae
1328 2388 1379 2440 (Ι,
1398 2387 1512 2439 287).

555 2502 930 2547 PROVIDENTIA
942 2502 1137 2546 DIVINA
1152 2508 1361 2556 quantum
1375 2503 1533 2546 faverit
1546 2502 1749 2546 Societati
1763 2503 1811 2555 (1.
1828 2502 1926 2556 429)
1943 2517 1952 2545 :
1972 2502 2061 2546 vm.

499 2590 722 2642 Adversa,
744 2589 982 2644 Prospera,
1008 2588 1213 2633 Societas
1237 2589 1354 2633 Iesu.
1380 2589 1462 2632 Sed
1494 2589 1681 2631 invicem
1715 2589 1911 2642 reposcit
1939 2602 2064 2631 accu—

500 2680 638 2718 ratam
663 2674 1018 2718 observationem
1051 2674 1302 2727 regularum
1335 2675 1386 2727 (l,
1419 2674 1533 2727 429),
1567 2680 1610 2717 et
1640 2680 1686 2717 ut
1715 2688 1837 2727 spem
1868 2680 2062 2717 nostram

500 2762 543 2805 in
567 2761 669 2805 Eius
702 2761 844 2803 sinum
867 2760 1109 2813 proiectam
1133 2760 1374 2804 habeamus
1396 2760 1467 2814 (ll,
1499 2760 1593 2804 272.
1629 2760 1701 2812 ΙΙΙ,
1732 2760 1846 2813 217),
1879 2760 2064 2813 eiusque

501 2847 713 2891 voluntati
755 2852 949 2889 nostram
988 2846 1318 2890 ronformemus
1349 2846 1420 2899 (ll,
1452 2846 1565 2898 278),
1600 2860 1770 2890 summa.
1803 2846 1958 2889 fiducia
1991 2846 2060 2898 (Il,

500 2932 716 2984 all-343),
743 2931 846 2975 nihil
866 2931 992 2974 nobis
1011 2932 1261 2975 defuturum
1280 2932 1351 2985 (ll,
1374 2932 1489 2986 344),
1513 2932 1640 2975 ctiam
1673 2932 1715 2974 in
1746 2931 2064 2985 temporalibus

501 3019 551 3071 (Ι,
575 3018 660 3065 67).
684 3017 775 3060 lloc
794 3017 931 3060 voluit
947 3016 986 3059 S.
1011 3017 1052 3059 l'.
1074 3016 1121 3060 N.
1149 3017 1342 3070 lgnatius
1360 3018 1409 3070 (Ι,
1430 3017 1524 3061 455.
1545 3017 1605 3061 Cf.
1631 3018 1682 3069 ll,
1707 3016 1774 3071 63,
1793 3017 1878 3071 64),
1899 3017 2065 3060 docuit-

502 3118 587 3158 que
611 3104 706 3158 ipse
730 3103 877 3147 verbis
900 3109 942 3146 et
964 3117 1099 3156 opere
1122 3103 1172 3155 (l,
1196 3104 1289 3153 414,
1319 3104 1431 3157 467).
1457 3105 1611 3148 Cetera
1632 3104 1722 3148 vicl.
1756 3104 2064 3149 Perfectiones

501 3189 699 3234 divinae.
