2315 3559
525 177 629 234 ‘334
786 196 1034 236 EPISTOLA
1073 199 1121 237 R.
1166 199 1211 238 P.
1255 201 1306 238 N.
1351 197 1594 238 Lnnovlcl
1636 198 1833 239 MARTIN

597 341 742 396 Hanc
804 343 980 411 potius
1026 345 1362 399 occasionem
1413 353 1618 412 nactUS,
1666 345 1863 399 nostris
1919 346 2093 400 omni-

527 441 625 494 bus
664 442 815 497 enixe
859 445 1299 498 commendatum
1341 446 1479 512 volo,
1533 453 1592 498 ut
1636 445 1924 511 diligenter
1966 463 2092 500 con-

527 540 765 596 siderent
814 551 1146 611 quantopere
1209 543 1420 598 intersit
1481 544 1665 598 divino
1724 545 1824 598 hoc
1884 544 2092 598 Exerci-

528 639 726 694 tiorum
791 641 1104 695 adiumento
1162 650 1284 709 apte
1346 642 1726 711 sapienterque
1778 643 1876 710 uti,
1924 651 1982 697 ut
2032 662 2092 697 ex

528 739 592 793 iis
638 740 841 807 egregii
892 741 968 794 illi
1020 742 1321 795 reserantur
1372 744 1594 809 sructuS,
1648 759 1784 810 quos
1830 759 1964 810 pene
2014 742 2094 796 in-

527 839 810 894 credibiles
856 840 1087 895 maiores
1125 841 1295 895 nostri
1342 859 1396 896 se
1440 859 1740 910 numquam
1785 859 1891 896 non
1936 844 2093 897 colle-

526 939 668 1005 gisse
729 940 983 1006 gratulati
1045 949 1185 994 sunt.
1236 940 1368 995 Sunt
1421 941 1566 995 enim
1622 942 1753 996 haec
1798 941 2092 996 domestica

527 1038 805 1093 Societatis
856 1057 1026 1107 arma,
1077 1040 1286 1108 Ignatio
1337 1041 1605 1096 conditori
1657 1041 1917 1096 divinitus
1970 1060 2093 1111 sup-

527 1139 782 1207 peditata,
842 1147 894 1193 et
943 1139 1193 1194 Societati
1253 1149 1465 1195 nostrae
1527 1140 1748 1209 proprio
1807 1141 2093 1208 singulari-

527 1256 632 1306 que
693 1238 836 1292 dono
887 1239 1229 1307 demandata,
1279 1248 1337 1293 ut
1393 1239 1663 1308 duplicem
1709 1240 1872 1294 finem
1935 1258 2091 1294 suum

527 1345 671 1392 certa
721 1337 1030 1406 invictaque
1070 1338 1120 1392 vi
1166 1347 1606 1408 consequeretur.
1637 1340 1854 1408 Verum,
1893 1347 1952 1393 ut
1995 1340 2093 1393 mi-

529 1455 643 1491 ram
689 1454 877 1492 eorum
934 1438 1227 1492 efficaciam
1272 1447 1324 1493 et
1369 1439 1423 1492 in
1468 1447 1714 1493 nostrum
1766 1447 1817 1493 et
1866 1439 1920 1493 in
1964 1438 2094 1493 alio-

528 1555 649 1590 rum
705 1536 909 1591 bonum
960 1538 1320 1606 experiamur,
1369 1547 1584 1607 oportet
1636 1546 1696 1592 ut
1751 1540 1883 1593 haec
1942 1556 2093 1593 arma

527 1654 588 1691 ea
633 1637 826 1705 peritia
876 1645 927 1691 et
970 1645 1084 1692 arte
1134 1645 1448 1706 tractentur,
1497 1656 1603 1707 qua
1660 1637 1898 1706 Ignatius
1943 1645 2094 1706 pater

528 1738 806 1791 tractanda
879 1737 1197 1791 transmisit.
1264 1738 1369 1792 Nec
1438 1738 1583 1792 enim
1647 1755 1743 1792 nos
1815 1745 2092 1792 contentos

528 1853 641 1890 esse
703 1836 873 1903 decet,
928 1835 971 1889 si
1034 1836 1425 1891 Exercitiorum
1494 1836 1868 1904 magisterium
1931 1836 2094 1890 inter-

528 1936 659 1990 dum
708 1936 900 1990 leviter
942 1936 1303 2005 attigerimus,
1350 1955 1410 1991 ac
1454 1937 1681 1991 summis
1731 1936 1892 1991 veluti
1936 1936 2091 1990 labiis

528 2035 996 2103 degustaverimus
1011 2055 1022 2102 ;
1070 2053 1167 2090 nec
1205 2036 1332 2090 satis
1373 2044 1452 2090 est
1495 2037 1549 2090 in
1594 2036 1758 2091 sacris
1794 2035 2091 2090 recessibus

527 2136 698 2192 divini
749 2136 892 2190 illius
937 2135 1061 2190 libri
1106 2136 1329 2190 ductum
1373 2137 1785 2205 auspiciumque
1824 2135 1988 2191 veluti
2033 2153 2093 2190 ex

527 2236 826 2305 longinquo
872 2236 1044 2304 sequi.
1087 2235 1188 2291 Sed
1233 2254 1447 2292 necesse
1487 2245 1567 2292 est
1604 2236 1994 2291 Exercitiorum
2033 2235 2093 2289 li-

526 2336 685 2390 brum
748 2353 963 2390 summo
1020 2336 1198 2391 studio
1250 2336 1522 2405 persequi,
1578 2336 1929 2405 perpendere,
1982 2352 2092 2389 me-

527 2436 726 2502 ditari;
791 2435 1053 2490 altissima
1131 2437 1423 2491 verborum
1497 2454 1651 2491 sensa
1722 2437 1970 2491 evolvere
2030 2453 2090 2489 ac

527 2536 740 2605 penitus
778 2537 1103 2605 pervadere;
1145 2553 1491 2591 communem
1535 2555 1595 2591 ac
1634 2553 1949 2605 supremum
1978 2552 2091 2590 om-

526 2636 678 2690 nium
706 2636 1095 2690 Exercitiorum
1123 2636 1307 2704 finem,
1343 2636 1626 2705 proprium
1663 2636 1924 2704 cuiusque
1963 2635 2091 2689 heb-

527 2737 810 2803 domadae,
861 2735 1030 2790 immo
1081 2736 1245 2790 etiam
1291 2753 1449 2791 suum
1501 2736 1762 2805 cuiusque
1801 2735 2087 2802 singularis

527 2836 922 2892 exercitationis
966 2853 1284 2904 pernoscere
1301 2856 1312 2903 ;
1367 2836 1635 2904 intimam,
1696 2852 1834 2904 quae
1894 2835 2090 2902 cuique

527 2936 867 2992 meditationi
907 2936 1062 3003 inest,
1113 2936 1221 2990 vim
1265 2936 1505 3006 assequi;
1547 2943 1852 3005 perspectas
1891 2935 2089 2989 habere

527 3054 732 3104 causaS,
786 3035 982 3104 quibus
1034 3035 1378 3103 potissimum
1440 3036 1661 3091 affectus
1723 3034 1977 3089 movendi
2038 3042 2090 3088 et

527 3136 888 3207 pertrahenda
950 3144 1028 3190 est
1071 3137 1316 3190 voluntas
1373 3136 1439 3191 ad
1500 3136 1665 3191 finem
1716 3134 2054 3204 propositum
2071 3152 2083 3201 3
