2315 3559
154 677 432 710 Ribadeneira

243 719 342 751 vida

201 760 266 792 del
283 762 326 792 B.
343 761 385 792 P.

210 804 379 842 Ignaeio

215 844 265 876 de
281 845 377 884 Loy.

194 886 221 917 l.
238 886 270 917 3.
295 893 328 917 c.
345 885 397 917 14.

172 927 305 967 (Vers.
329 927 417 959 ital.

234 975 267 1000 c.
286 968 354 1009 13).

274 1673 327 1717 de

129 1728 237 1772 socii
273 1728 453 1782 Regula.

161 2378 298 2411 Exere.
313 2379 413 2420 spir.

183 2419 222 2451 S.
239 2420 281 2451 P.
310 2421 400 2460 Igu.

234 2461 360 2493 editio

193 2502 387 2535 Namurc.

194 2543 266 2576 alt.
294 2553 320 2585 p
334 2545 387 2576 24.

510 202 612 258 206
685 218 931 259 EPlsTotA
973 218 1021 258 R.
1066 220 1112 258 P.
1155 220 1208 259 N.
1250 219 1370 259 ANT.
1421 218 1546 259 MAR.
1596 217 1905 259 ANDERLEDY

505 365 669 421 sterio
714 366 880 421 tribui
929 384 960 421 a
1004 366 1202 421 nostris
1254 366 1610 435 permitteret.
1670 365 1871 420 Verum
1917 366 2077 420 nullis

508 474 719 535 poterat
784 467 1034 536 precihus
1107 466 1418 534 impetrare,
1490 473 1550 520 ut
1617 467 1699 520 vel
1755 465 2081 520 brevissimo

506 567 598 622 illo
654 574 898 636 tempore
955 566 1227 635 quispiam
1300 573 1610 620 nostrorum
1679 583 1864 619 curam
1926 565 2085 619 susti-

506 674 658 720 neret
700 666 990 720 mulierum
1036 664 1437 732 religiosarum.
1481 665 1607 718 Erat
1650 664 1795 718 enim
1836 663 1890 717 in
1929 682 1990 718 ea
2023 682 2080 718 re

507 765 825 820 immobilis,
857 765 1007 828 Quod
1047 764 1090 817 si
1130 772 1281 832 pater
1326 764 1427 818 fuit
1469 763 1785 832 immobiliS,
1815 763 2078 830 genuinos

507 865 649 919 filios
694 866 858 919 etiam
898 865 1050 919 decet
1093 881 1209 918 esse
1248 864 1574 918 immobiles,

575 965 819 1020 Profecto
899 966 1029 1019 haec
1096 964 1434 1020 admirabilis
1514 964 1901 1034 sapientissimi
1974 964 2077 1019 viri

503 1065 805 1119 constantia
838 1082 935 1119 nos
974 1065 1231 1119 admonet
1269 1072 1384 1118 tum
1423 1065 1489 1119 de
1527 1064 1790 1131 gravitate
1828 1063 1926 1131 rei,
1964 1071 2075 1117 tum

505 1165 570 1219 de
623 1165 843 1218 illorum
899 1181 1101 1232 errore,
1161 1164 1255 1232 qui
1306 1165 1532 1219 fortasse
1593 1163 1832 1218 sentiunt
1891 1181 2076 1217 curam

504 1266 815 1333 mulierum,
888 1283 1027 1334 quae
1098 1265 1259 1319 simul
1331 1265 1491 1320 certis
1568 1264 1778 1332 legibus
1863 1264 2071 1332 vivunt,

503 1374 896 1435 repugnantem
953 1374 1138 1421 nostro
1184 1366 1434 1420 Instituto
1479 1383 1587 1420 non
1638 1382 1770 1433 esse,
1831 1365 1875 1419 si
1933 1364 2077 1418 ordi-

502 1466 653 1521 naria
720 1484 829 1521 non
886 1466 973 1546 sit,
1039 1467 1122 1522 vel
1179 1466 1223 1520 si
1286 1466 1560 1534 integrum
1617 1472 1832 1519 maneat
1898 1464 2071 1532 nobiS,

501 1585 626 1621 cum
666 1549 939 1635 volumus,
994 1584 1114 1621 eam
1160 1566 1449 1635 deponere.

569 1665 655 1721 42.
701 1666 1116 1734 Pa1·i{tenentur
1154 1683 1356 1733 errore,
1404 1664 1500 1734 qui
1536 1665 1780 1731 regulam
1818 1663 1884 1718 de
1928 1663 2073 1718 socio

502 1784 685 1821 secum
735 1767 1020 1821 retinendo
1067 1766 1375 1821 existimant
1425 1783 1483 1820 ex
1533 1764 1831 1820 diffidentia
1876 1772 2070 1832 ortam,

502 1867 716 1921 obstare
777 1867 983 1934 gloriae
1044 1866 1157 1935 Dei,
1223 1883 1453 1934 eamque
1513 1865 1675 1920 aetati
1736 1872 1952 1919 nostrae
2013 1882 2073 1918 ac

502 1967 746 2022 moribus
786 1985 894 2021 non
944 1966 1252 2022 convenire.

569 2068 648 2122 Ad
705 2068 946 2136 primum
997 2068 1143 2136 quod
1195 2066 1403 2129 attinet,
1465 2065 1944 2120 obsecundandum
1995 2071 2074 2118 est

501 2169 720 2235 regulae
763 2167 942 2223 Sancti
988 2166 1310 2222 Fundatoris
1367 2165 1558 2233 nostri,
1612 2183 1718 2234 qua
1763 2182 2068 2231 monemur,

501 2268 839 2337 promptiore
894 2267 1077 2322 animo
1137 2267 1461 2322 sententiam
1516 2266 1795 2320 obscuram
1844 2264 2073 2319 alterius

502 2368 563 2422 in
608 2368 803 2422 bonam
848 2368 1061 2422 trahere
1098 2373 1331 2434 partem,
1380 2384 1544 2434 quam
1588 2366 1868 2419 daimzao’e.
1918 2363 2069 2427 Quod

502 2470 672 2523 multo
718 2469 891 2536 magis
938 2469 1004 2523 de
1048 2469 1164 2535 lege
1215 2467 1506 2522 dicendum
1557 2474 1654 2535 est,
1703 2483 1840 2534 quae
1885 2466 1990 2519 lata
2039 2482 2070 2518 a

501 2569 632 2624 viris
683 2569 1039 2637 gravissimis,
1082 2569 1292 2623 duobus
1349 2569 1539 2623 saltem
1590 2567 1814 2622 saeculis
1858 2574 2069 2621 servata

501 2689 530 2725 a
597 2679 748 2739 parte
809 2669 1087 2725 Societatis
1162 2687 1269 2723 non
1331 2668 1537 2736 infima,
1603 2667 1786 2734 magni
1854 2684 2068 2735 semper

500 2772 781 2827 aestimata
826 2780 904 2826 est
948 2790 977 2825 a
1022 2771 1152 2825 viris
1197 2771 1473 2826 doctrinae
1510 2788 1567 2825 ac
1608 2770 1870 2824 virtutum
1909 2769 2066 2823 laude

500 2872 834 2927 clarissimis,
894 2871 947 2927 Si
1004 2872 1171 2939 igitur
1225 2872 1411 2939 gravia
1461 2872 1734 2926 rationum
1791 2879 2065 2925 momenta

501 2973 638 3027 hanc
689 2973 933 3039 regulam
973 2973 1376 3039 commendant,
1418 2971 1502 3026 his
1547 2971 1726 3040 potius
1778 2970 2064 3025 tribuenda

501 3080 580 3127 est
623 3072 827 3127 sanctio
873 3072 1107 3140 regulae,
1156 3090 1320 3140 quam
1372 3071 1787 3141 suspicionibus,
1830 3070 2063 3125 Societas

501 3189 608 3226 non
652 3171 953 3227 diffidentia
992 3179 1202 3240 partam
1241 3189 1360 3227 eam
1405 3189 1519 3227 esse
1556 3170 1781 3239 censuit,
1823 3171 1915 3225 sed
1954 3170 2062 3226 Deo
