2315 3559
859 264 954 301 TAL
977 278 1044 283 —
1069 263 1173 300 TEM
1693 241 1785 296 491

249 418 291 455 et
312 418 473 454 matres
493 411 544 463 (l,
573 411 662 462 101,
682 409 774 453 410.
801 409 851 460 ΙΙ,
875 408 961 461 97),
986 415 1031 451 ut
1052 408 1137 451 duo
1161 414 1354 451 extrema
1378 406 1514 448 vitent
1539 419 1547 447 :
1573 403 1794 457 pusillani-

247 497 439 540 mitatem
457 495 681 548 (maloi)
699 501 741 538 et
761 494 1041 548 asperitatem
1064 492 1216 546 (Ι,102)
1238 506 1246 534 ;
1268 504 1347 534 nec
1367 490 1563 534 subditos
1586 501 1794 542 umquam

249 582 550 626 exulcerantes
571 581 621 633 (Ι,
645 580 757 633 203),
783 579 849 623 vel
871 579 922 622 ad
946 578 1299 632 desperationem
1321 582 1615 630 provocantes
1637 575 1706 625 (ΙΙ,
1727 573 1793 616 24.

250 668 310 711 Cf.
336 668 387 721 ΙΙ,
405 666 499 718 222,
525 666 648 719 ’149);
673 678 817 719 neque
838 671 983 708 tamen
1014 678 1166 707 eorum
1199 662 1356 706 erratis
1386 660 1643 704 coniventes
1672 657 1797 711 (Ἰ,99)

251 753 319 796 vel
340 767 534 796 amarum
555 751 797 795 remedium
819 750 1114 793 detrectantes
1136 749 1206 802 (ΙΙ,
1230 748 1298 800 22,
1321 746 1406 794 23),
1433 759 1544 800 quae
1569 758 1655 787 non
1678 749 1801 787 esset

251 853 355 883 vera
375 837 663 882 mansuetudo
686 837 757 889 (ΙΙ,
782 836 892 888 198),
917 836 993 879 sed
1015 834 1183 878 hostilis
1205 832 1441 877 crudelitas
1463 831 1512 883 (Ι,
1540 830 1646 883 100).

306 924 357 977 1))
379 922 636 976 Intellegant
659 935 705 965 se
726 935 814 964 non
837 935 933 964 esse
956 920 1007 963 ad
1029 920 1071 963 id
1093 918 1355 962 constitutos
1386 924 1432 960 ut
1455 929 1634 960 suorum
1657 913 1802 957 defec-

250 1017 318 1054 tus
341 1015 494 1052 notent
514 1015 556 1051 et
577 1008 630 1051 ad
652 1007 758 1051 alios
780 1007 990 1054 referant,
1016 1005 1092 1049 sed
1117 1012 1163 1048 ut
1182 1005 1265 1058 ipsi
1288 1009 1445 1047 curent
1465 1002 1537 1050 (ΙΙ.
1567 1000 1656 1049 161,
1689 998 1798 1051 193),

252 1101 294 1139 et
331 1102 551 1147 tamquam
600 1093 755 1136 medici
797 1091 1045 1145 spirituales
1085 1091 1155 1143 (11,
1201 1091 1294 1141 177)
1331 1095 1487 1132 sanent
1527 1086 1803 1130 subditorum

250 1180 524 1224 infirmitates
558 1179 609 1231 (Ι,
644 1179 752 1226 184).
793 1178 912 1221 Hanc
948 1177 1029 1220 sibi
1065 1176 1343 1219 commissam
1379 1186 1527 1217 curam
1565 1183 1805 1224 numquam

252 1266 473 1315 deserant,
497 1278 735 1317 numquam
760 1270 1006 1306 erratorum
1036 1261 1356 1305 correctionem
1391 1259 1592 1302 omittant
1612 1255 1683 1309 (ΙΙ,
1708 1255 1804 1307 215,

252 1350 365 1403 216),
390 1364 443 1393 ne
466 1349 534 1392 vel
554 1350 781 1392 minimum
812 1347 913 1401 quid
944 1347 1086 1390 minus
1120 1346 1307 1390 ordinati
1341 1345 1435 1388 sine
1469 1343 1583 1387 seria
1615 1340 1808 1385 animad-

256 1436 458 1478 versione
491 1435 729 1478 tolerantes
761 1434 851 1484 (ΙΙΙ,
876 1434 940 1477 70.
966 1432 1026 1476 Cf.
1052 1432 1083 1482 Ι,
1107 1432 1190 1484 99),
1220 1445 1299 1474 nec
1332 1443 1539 1484 umquam
1574 1428 1627 1471 de
1662 1426 1809 1471 subdi-

254 1528 397 1564 torum
420 1520 726 1563 emendatione
749 1519 1038 1572 desperantes
1059 1517 1128 1569 (ll,
1149 1516 1244 1568 222,
1267 1515 1361 1559 223.
1387 1514 1448 1558 Cf.
1474 1515 1505 1565 Ι,
1530 1512 1726 1557 397-399.
1752 1511 1804 1564 ΙΙ,

262 1607 351 1654 149,
379 1606 489 1659 150).

312 1691 492 1735 Maxime
515 1691 741 1735 sollicitam
763 1704 912 1734 curam
934 1690 1122 1733 habeant
1142 1688 1362 1732 iuniorum
1395 1687 1466 1739 (ΙΙ,
1490 1685 1588 1739 206)
1610 1693 1653 1729 et
1673 1685 1809 1728 inter—

258 1778 342 1821 sint
383 1777 742 1821 scholasticorum
778 1775 999 1820 litterariis
1040 1773 1426 1819 exercitationibus
1461 1772 1531 1824 (ll.
1569 1771 1638 1816 28)
1674 1785 1681 1814 ;
1719 1769 1806 1814 vid.

259 1863 540 1907 scholastici.

314 1948 360 1990 In
382 1947 648 1991 admittentis
680 1946 899 2000 quomodo
932 1959 978 1988 se
1010 1951 1166 1998 gerant
1196 1943 1286 1997 (ΙΙΙ,
1319 1942 1413 1991 272,
1446 1941 1559 1995 315).
1592 1942 1640 1984 In
1672 1940 1811 1984 dimit-

258 2033 400 2077 tendis
415 2047 495 2076 nec
511 2033 595 2076 sint
610 2032 737 2076 nimis
751 2032 918 2075 celeres
940 2045 1018 2074 nec
1037 2030 1174 2074 timidi
1188 2030 1239 2081 (Ι,
1256 2030 1348 2073 195.
1373 2028 1443 2079 ΙΙΙ,
1458 2027 1571 2079 273).
1591 2027 1810 2070 Adversus

259 2117 443 2161 laxiores
464 2117 707 2160 remedium
731 2117 890 2160 docent
912 2129 1063 2159 sacrae
1084 2115 1271 2168 paginae
1293 2113 1364 2166 (Il,
1386 2112 1496 2163 142).

351 2278 681 2367 TALENTUM,
711 2327 797 2366 quo
831 2313 1007 2356 nomine
1036 2312 1155 2356 venit
1187 2310 1394 2365 quicquid
1425 2322 1554 2353 omne
1583 2321 1679 2351 cum
1710 2319 1813 2359 pro-

261 2394 474 2438 §imorum
496 2394 641 2436 fructu
662 2400 701 2436 et
724 2393 907 2436 utilitate
928 2392 1118 2446 proferri
1140 2398 1287 2445 potest
1317 2397 1359 2433 et
1388 2388 1581 2443 impendi
1604 2387 1654 2438 (1,
1678 2386 1775 2438 241)
1801 2399 1809 2428 ;

262 2479 461 2533 quisquis
493 2493 618 2522 suum
649 2478 835 2521 fideliter
865 2492 912 2521 ac
945 2484 1123 2521 strenue
1155 2482 1356 2520 exerceat
1385 2475 1454 2527 (ΙΙ,
1488 2474 1581 2525 407,
1615 2473 1737 2525 408);
1771 2479 1813 2516 et

263 2565 354 2608 sive
377 2564 571 2617 quinque
594 2563 754 2606 talenta
782 2563 879 2616 quis
907 2563 1141 2616 acceperit.
1175 2562 1265 2605 sive
1289 2562 1389 2611 duo,
1414 2561 1484 2604 illa
1507 2559 1717 2614 quinque,
1742 2558 1813 2601 illa

263 2650 348 2693 duo
370 2650 413 2692 in
436 2649 661 2692 Societatis
683 2648 1024 2692 emolumentum
1053 2654 1240 2701 exponat
1261 2647 1332 2698 (ΙΙ,
1355 2646 1448 2697 329,
1471 2645 1594 2698 350);
1628 2659 1682 2688 ne
1713 2650 1814 2698 post

264 2736 487 2789 negotium
509 2735 561 2778 ad
584 2735 814 2778 Dominum
838 2742 1034 2778 nostrum
1069 2734 1192 2777 vacui
1220 2734 1452 2777 redeamus
1484 2732 1554 2785 (ΙΙ,
1578 2732 1673 2784 254,
1696 2730 1809 2783 255),

262 2828 309 2865 ut
329 2822 467 2865 fusius
489 2821 750 2875 expenditur
770 2821 812 2864 in
835 2820 1043 2874 parabola
1064 2821 1116 2863 de
1140 2820 1279 2864 servis
1300 2820 1351 2872 (Ι,
1378 2818 1590 2870 242-245).

319 2947 713 2992 TEMPERANTIA
733 2946 835 2990 facit
854 2953 901 2990 ut
922 2947 1082 2990 dictum
1107 2946 1356 3000 Philosophi
1377 2958 1431 2989 *ne
1462 2945 1571 2999 quid
1603 2944 1738 2988 nimis
1767 2943 1811 2986 in

266 3033 468 3077 omnibus
490 3033 767 3085 observetur,
791 3046 876 3076 neu
900 3032 1036 3075 virtus
1058 3032 1229 3076 desinat
1248 3032 1292 3075 in
1316 3031 1464 3075 vitium
1487 3030 1536 3084 (Ι,
1563 3029 1646 3082 12).

320 3118 381 3162 De
402 3118 519 3162 victu
546 3124 667 3161 recte
701 3117 988 3171 temperando
1017 3117 1192 3171 regulas
1225 3116 1401 3170 scripsit
1428 3116 1467 3160 S.
1500 3116 1543 3159 P.
1568 3115 1616 3159 N.
1641 3115 1691 3168 (l,
1714 3114 1808 3158 261.

267 3205 318 3257 ll,
354 3203 473 3257 380);
511 3203 586 3247 sed
623 3203 757 3247 voluit
788 3203 915 3246 etiam
950 3208 997 3246 ut
1031 3203 1232 3257 corporis
1266 3202 1491 3256 castigatio
1525 3201 1812 3246 immoderata
