2315 3559
179 866 357 920 Damna,
388 881 502 921 quae

243 935 295 965 ex
317 937 434 966 vana

244 976 433 1022 lechone

238 1032 433 1077 timenda

201 1095 304 1133 sunt
319 1089 470 1142 menti,

549 199 650 256 298
809 218 1058 259 EPISTOLA
1097 221 1145 260 R.
1190 222 1235 260 P.
1279 223 1330 261 N.
1374 222 1617 261 Lunovml
1657 222 1856 261 MARTIN

549 371 665 431 tur余
724 383 852 434 qu0,
911 366 1134 422 dimissa
1187 368 1433 436 lectione,
1489 368 1534 423 si
1590 368 1768 423 minus
1822 368 1997 437 noxia,
2056 376 2110 424 at

549 483 742 533 parum
793 475 936 522 certe
986 468 1228 536 proficua
1278 475 1329 522 et
1386 468 1610 536 ludicra,
1659 470 1725 523 ad
1770 469 1900 524 utile
1950 469 2101 537 illud,

549 567 615 621 de
672 584 780 635 quo
838 567 965 635 dixi,
1025 576 1317 636 nostraque
1379 568 1656 623 vocatione
1715 568 1942 636 dignum
1999 576 2109 624 stu-

549 665 719 734 dium,
767 685 863 721 sua
907 685 960 721 se
1005 675 1195 735 sponte
1238 669 1580 722 transferant.
1627 688 1652 722 ))
1695 668 1789 736 Ep.
1837 669 1904 723 ad
1947 668 2102 726 Prov.

548 765 664 821 Soc,
711 766 744 822 5
787 766 920 821 febr.
969 765 1124 821 1860.

616 865 699 920 24.
753 865 854 920 Ubi
918 866 1078 920 velim
1147 883 1238 920 vos
1300 866 1588 934 diligenter
1655 867 2104 937 animadvertere,

547 966 612 1020 iis
651 966 828 1020 verbis
857 984 963 1020 non
1001 965 1089 1033 agi
1128 974 1338 1020 tantum
1377 967 1443 1021 de
1482 968 1919 1036 ephemeridibus
1957 968 2110 1024 libel-

546 1066 719 1135 lisque
765 1067 940 1133 maliS,
982 1066 1077 1135 qui
1121 1067 1418 1122 secundum
1458 1067 1876 1124 Constitutiones
1920 1069 2109 1124 limina

546 1174 727 1220 nostra
794 1166 1006 1233 ingredi
1075 1184 1182 1221 non
1250 1166 1464 1235 dehent,
1523 1167 1601 1222 uti
1671 1169 1956 1224 manifesto
2019 1187 2111 1238 ap-

546 1277 724 1338 paret余
797 1271 887 1324 sed
957 1269 1118 1324 etiam
1182 1271 1248 1325 de
1314 1269 1469 1325 bonis
1531 1278 1582 1324 et
1649 1270 2102 1339 indifferentibUS,

544 1387 779 1437 quorum
829 1369 1057 1424 lectione
1108 1369 1215 1424 iam
1277 1369 1419 1424 dicta
1477 1371 1619 1425 mala
1674 1370 1932 1439 consequi
1984 1389 2105 1440 pos-

543 1469 667 1524 sint.
722 1470 894 1534 Quare
945 1470 1001 1524 in
1050 1469 1412 1539 peculiaribus
1465 1470 1918 1539 ordinationibUS,
1973 1490 2106 1541 quas

544 1571 733 1625 eodem
792 1587 932 1624 anno
994 1588 1092 1639 pro
1160 1570 1343 1625 multis
1407 1570 1703 1625 Provinciis
1764 1571 2102 1640 approbavit,

544 1678 596 1724 et
634 1687 772 1739 quae
811 1670 865 1725 in
905 1688 1001 1725 suo
1041 1670 1236 1725 robore
1275 1671 1452 1725 adhuc
1492 1679 1729 1738 manent,
1772 1671 1934 1726 etiam
1980 1672 2110 1726 abu-

544 1787 664 1824 sum
716 1769 770 1824 in
814 1769 1055 1837 legendis
1105 1769 1384 1824 catholicis
1434 1770 1875 1839 ephemeridibus
1926 1771 2109 1841 deplo-

545 1878 628 1924 rat
680 1888 740 1924 ac
790 1871 1028 1925 damnat.
1094 1871 1200 1925 Nec
1262 1869 1538 1925 immerito
1599 1889 1725 1926 sane
1742 1890 1754 1938 余
1825 1889 1951 1925 nam
2013 1870 2107 1940 qui

545 1969 853 2025 istiusmodi
914 1969 1131 2025 lectioni
1189 1970 1564 2040 imprudenter
1607 1989 1663 2027 se
1708 1973 1837 2027 dare
1887 1989 2109 2027 consue-

546 2077 756 2137 verunt,
804 2088 834 2124 a
877 2068 1018 2124 serio
1063 2087 1410 2139 quocumque
1460 2087 1646 2124 earum
1697 2070 2107 2139 disciplinarum

544 2169 724 2225 studio
769 2177 1081 2237 avocantur,
1136 2187 1274 2238 quae
1324 2169 1479 2224 nobis
1531 2177 1655 2224 sunt
1706 2169 1937 2225 maxime
1987 2188 2110 2239 pro-

544 2269 694 2338 priae
744 2277 796 2324 et
838 2269 1189 2337 necessariae,
1231 2277 1283 2324 et
1327 2277 1644 2325 aversantur
1681 2270 1736 2325 in
1775 2269 1888 2328 dies
1935 2269 2108 2338 magis

544 2388 633 2426 eos
688 2370 873 2438 libros,
929 2388 956 2425 e
1017 2370 1214 2439 quibus
1276 2379 1328 2425 et
1393 2370 1649 2440 pietatem
1712 2378 1763 2426 et
1828 2370 2108 2426 scientiam

544 2470 760 2525 ebibere
798 2471 1076 2526 debemus.
1120 2470 1409 2525 Enimvero
1450 2472 1550 2526 hoc
1588 2472 1722 2526 adeo
1761 2479 1968 2526 certum
2007 2479 2104 2536 est,

544 2578 602 2625 ut
645 2569 707 2637 si,
762 2570 907 2639 quod
959 2570 1096 2625 Deus
1141 2578 1365 2638 avertat,
1419 2571 1653 2626 Societas
1700 2572 1781 2626 vel
1827 2570 2108 2626 Provincia

543 2669 725 2738 aliqua
775 2669 993 2724 ianuam
1038 2670 1298 2738 panderet
1341 2671 1468 2725 huic
1518 2672 1678 2738 ma10,
1721 2678 1773 2725 et
1821 2669 2107 2725 lectionem

544 2768 859 2824 huiusmodi
911 2768 1163 2824 omnibus
1216 2769 1691 2824 indiscriminatim
1737 2768 2103 2838 permitteret余

544 2870 742 2924 frustra
770 2877 890 2938 post
915 2869 1135 2937 aliquod
1176 2869 1438 2938 temporis
1477 2869 1712 2938 spatium
1753 2869 1807 2924 in
1846 2887 1906 2924 ea
1944 2887 2108 2938 quae-

544 2976 792 3024 rerentur
854 2967 1037 3036 magni
1100 2969 1365 3036 doctoreS,
1428 2977 1479 3023 et
1538 2968 1951 3038 disciplinarum
2011 2986 2106 3023 no-

544 3077 779 3124 strarum
822 3067 1067 3136 magistri
1102 3067 1359 3136 insignes,
1399 3068 1492 3137 qui
1529 3068 1857 3124 erudiendae
1890 3076 2104 3123 nostrae

545 3168 810 3224 iuventuti
872 3175 1349 3238 praeponerentur.
1406 3169 1645 3224 Iacerent
1704 3168 1759 3224 in
1818 3167 2107 3224 bibliothe-
