2315 3559
338 256 404 293 DE
431 255 508 291 BB.
535 253 661 291 EDM.
693 251 943 290 CAMPIANI
970 251 1032 287 ET
1060 250 1321 288 SOCIORL'M
1352 252 1613 288 MARTYRIO
1686 236 1743 290 51

199 407 383 464 tatem,
409 395 822 464 providentiam,
847 394 1107 447 iustitiam
1129 394 1402 460 ignorant;
1431 394 1571 446 vitiis
1593 402 1752 460 atque

201 497 350 551 noxis
417 502 744 559 assuescunt,
816 510 1090 560 pravoque
1156 492 1439 545 hominum
1513 495 1753 559 exemplo

201 595 413 663 penitus
452 596 830 661 depravantur.

270 694 417 757 Quod
465 693 508 746 si
558 693 677 760 quis
728 691 988 745 Societate
1038 690 1321 757 indignum
1368 698 1579 757 reputet
1633 707 1754 743 cum

203 792 581 846 humilioribus
602 809 778 858 agere,
804 790 1104 858 sentiatque
1130 807 1241 856 nos,
1267 791 1332 843 ad
1356 790 1546 843 altiora
1573 789 1758 842 minis-

202 892 336 946 teria
396 899 566 957 natos,
621 893 807 945 decere
864 892 1204 957 frequentare
1259 890 1455 957 palatia
1505 898 1555 943 et
1615 891 1754 942 solos

202 992 393 1046 sectari
432 991 678 1044 homines
705 990 1010 1058 primarios,
1042 990 1085 1042 is
1124 989 1432 1043 meminerit
1471 989 1756 1042 excelsiora

203 1092 418 1159 ingenia
444 1109 453 1144 :
480 1090 766 1156 Ignatium,
794 1089 1134 1142 Franciscum
1156 1089 1462 1155 Xaverium,
1489 1088 1752 1153 Lainium,

205 1190 393 1256 laium,
441 1189 825 1254 Salmeronem,
874 1189 1145 1255 Broetum,
1194 1189 1445 1254 Fabrum,
1487 1187 1757 1241 Canisium

202 1289 445 1356 aliosque
473 1289 633 1355 viros,
659 1288 806 1341 omni
834 1289 990 1341 laude
1012 1295 1360 1354 praestanteS,
1386 1295 1495 1340 tam
1524 1287 1577 1339 in
1605 1303 1761 1340 noso-

204 1388 393 1442 comiis
421 1406 583 1455 quam
624 1387 677 1440 in
717 1387 904 1454 plateis
939 1404 1152 1454 pueros,
1194 1404 1455 1454 pauperes
1495 1387 1762 1453 rudesque

206 1487 451 1540 homines
518 1487 644 1540 fidei
713 1503 1035 1553 morumque
1103 1493 1387 1553 praecepta
1454 1485 1758 1549 edocuisse;

205 1586 513 1639 meminerit
580 1586 781 1639 aeterni
850 1584 1018 1638 Patris
1091 1584 1418 1652 Sapientiam
1480 1584 1534 1636 in
1596 1592 1763 1637 terras

201 1685 561 1751 descendisse,
586 1693 644 1738 ut
672 1685 724 1738 in
752 1685 925 1737 carnis
954 1692 1165 1737 nostrae
1193 1684 1497 1737 humilitate
1524 1683 1764 1737 caelestis

209 1785 347 1838 vitae
397 1791 678 1851 praecepta
733 1783 886 1837 nobis
943 1785 1195 1849 traderet,
1243 1784 1519 1850 Deumque
1574 1800 1768 1849 parvu-

206 1886 383 1938 lorum
423 1883 722 1949 misertum,
754 1882 942 1936 Divina
979 1882 1310 1948 benignitate
1337 1883 1403 1936 ad
1432 1900 1485 1935 se
1513 1881 1766 1934 invitasse

208 2000 403 2052 pueros
458 2001 467 2035 :
523 1996 548 2029 ((
600 1981 766 2035 Sinite
816 1984 1066 2049 parvulos
1118 1981 1299 2035 venire
1349 1982 1415 2035 ad
1467 1999 1552 2034 me
1602 1989 1653 2034 et
1702 1999 1766 2034 ne

213 2102 237 2134 )>
280 2081 663 2149 prohibueritis
691 2098 798 2134 eos‚
832 2100 857 2133 ))

277 2180 360 2235 28.
405 2182 545 2234 Haec
572 2181 713 2247 apud
742 2180 791 2234 S.
818 2180 1054 2233 Marcum
1082 2181 1361 2246 leguntur;
1394 2180 1562 2233 fateor
1588 2186 1767 2232 autem

211 2299 296 2335 me
340 2281 608 2347 ignorare,
657 2298 716 2333 ex
754 2297 861 2347 quo
901 2280 1190 2345 Evangelio
1234 2287 1604 2345 cognoscatur,
1646 2297 1767 2332 cum

211 2380 539 2448 primoribus
578 2387 786 2432 tantum
827 2380 907 2432 vel
952 2379 1262 2432 hominibus
1301 2378 1567 2446 opulentis
1611 2396 1771 2444 agen-

212 2480 341 2533 dum
381 2496 494 2532 esse
539 2478 785 2545 operario
830 2478 1155 2544 evangelico
1188 2478 1251 2531 Et
1295 2478 1338 2530 si
1384 2479 1449 2531 de
1492 2477 1768 2531 Societatis

212 2577 523 2630 hominibus
570 2584 879 2644 quaeratur,
922 2577 1158 2630 Instituti
1193 2578 1424 2630 formula
1462 2578 1561 2630 hoc
1600 2594 1767 2629 unum

213 2676 496 2729 hominum
523 2693 708 2742 geHUS,
734 2694 927 2742 pueros
948 2693 1006 2729 ac
1033 2678 1210 2743 rudes,
1235 2675 1556 2729 nominatim
1585 2682 1635 2728 et
1661 2692 1767 2727 non

211 2776 376 2828 semel
443 2776 802 2828 commendat.
859 2789 883 2823 ((
943 2775 1274 2829 Nominatim
1335 2775 1766 2827 commendatam

217 2892 242 2926 ))
282 2874 530 2940 habeant,
557 2875 685 2927 haec
713 2881 835 2927 sunt
857 2874 1036 2939 verba,
1062 2874 1454 2927 institutionem
1476 2890 1767 2940 puerorum

218 2991 242 3024 )>
284 2990 342 3025 ac
388 2973 604 3026 rudium
660 2972 714 3025 in
768 2973 1061 3026 christiana
1115 2973 1421 3027 doctrina...
1481 2973 1569 3025 Est
1624 2971 1766 3024 enim

218 3089 244 3122 ))
284 3071 514 3124 maxime
563 3070 943 3137 necessarium,
985 3072 1125 3125 circa
1169 3070 1563 3139 providentiam
1610 3069 1768 3122 huius

218 3187 245 3221 ))
285 3169 362 3223 rei
406 3169 690 3236 diligenter
735 3170 1104 3237 Praepositum
1148 3179 1199 3225 et
1242 3169 1532 3224 Consilium
1579 3167 1770 3233 invigi-

1843 1089 1886 1125 et
1906 1082 2088 1126 rudibus

1857 1137 2084 1185 tradenda,

1824 2094 1946 2124 Marc.
1971 2092 2023 2130 10,
2046 2092 2100 2123 14.

1909 2691 2047 2731 opera

1885 2732 2078 2782 hunnfia,
