2315 3559
201 212 267 252 DE
307 210 575 251 PERICULIS
614 207 901 251 TEMPORUM
941 205 1256 246 NOSTRORUM
1297 206 1548 244 CAVENDIS
1583 189 1684 244 3⁹23

133 355 464 421 incredibile,
524 354 588 408 ad
644 360 852 406 tantum
909 350 1091 404 floruit
1153 350 1563 414 incrementum,
1628 357 1685 401 ut

134 472 247 508 sese
291 455 356 508 ad
408 469 592 507 omnes
649 452 757 505 fere
813 458 1078 504 terrarum
1129 448 1274 503 orbis
1319 455 1495 516 partes
1545 454 1685 500 terra

134 552 377 619 marique
422 549 771 618 protenderit.

199 650 283 703 46.
332 650 384 704 Si
429 657 607 703 autem
652 647 954 700 mundanus
1001 646 1087 699 ille
1139 645 1425 699 effrenatae
1476 643 1689 696 liberta-

133 751 199 804 tis
256 749 474 817 spiritus
530 748 594 801 ad
652 755 833 800 nostra
896 745 1082 799 limina
1126 745 1418 810 accederet,
1462 743 1505 796 si
1551 742 1690 795 inter

134 866 230 903 nos
275 865 488 916 serpere
527 846 792 900 sineretur
836 853 887 899 et
930 861 1185 910 crescere,
1240 843 1283 896 si
1322 850 1532 896 nostros
1572 839 1692 893 infi-

135 955 278 1002 ceret
326 946 553 1012 animos,
602 944 858 1012 illamque
896 941 1267 1010 abnegationis
1306 950 1357 996 et
1405 939 1692 995 oboedien-

137 1047 240 1100 tiae
291 1045 456 1098 vitam
494 1044 837 1098 labefactaret
875 1043 1110 1110 primum
1167 1059 1227 1094 ac
1274 1040 1467 1094 deinde
1512 1038 1692 1107 paula-

137 1146 234 1200 tim
296 1145 634 1210 convelleret,
717 1142 950 1196 Societas
1023 1158 1130 1195 non
1196 1140 1486 1207 gloriosam
1545 1138 1690 1191 illam

137 1252 412 1314 appeteret
460 1251 710 1309 mortem,
758 1250 1024 1296 tortorum
1071 1240 1121 1293 vi
1165 1240 1386 1306 illatam,
1429 1256 1534 1306 qua
1572 1254 1693 1305 pro-

136 1344 396 1398 cumbunt
434 1350 722 1410 martyres3
770 1342 862 1395 sed
908 1339 1159 1393 intestino
1200 1338 1389 1392 morbo
1433 1336 1690 1402 confecta,

137 1452 188 1498 et
232 1444 372 1497 lenta
415 1440 749 1507 contagionis
794 1440 914 1494 tabe
957 1446 1291 1505 consumpta,
1339 1434 1696 1490 immiserabi-

138 1543 202 1597 lis
264 1541 481 1611 periret.
548 1541 893 1594 Relaxaretur
958 1538 1102 1591 enim
1168 1536 1500 1590 artissimum
1563 1535 1693 1589 illud

139 1641 458 1697 concordiae
502 1640 796 1706 vinculum,
838 1655 946 1707 quo
990 1638 1357 1692 moderatores
1401 1644 1453 1690 et
1496 1634 1696 1690 subditi

140 1742 559 1808 coniunguntur,
591 1748 641 1793 et
679 1738 876 1793 sensim
916 1737 1345 1805 abrumperetur.
1378 1735 1588 1789 Mutuae
1614 1751 1698 1788 ca-

141 1841 306 1908 ritati,
377 1856 514 1908 quae
579 1855 719 1892 nunc
792 1836 1123 1906 praesidium
1185 1843 1264 1890 est
1323 1833 1696 1888 firmissimum

141 1940 416 1996 Societatis
462 1947 512 1993 et
549 1939 885 2007 praeclarum
936 1937 1115 2003 deCUS,
1169 1935 1515 1990 succederent
1563 1933 1699 1989 diffi-

143 2040 342 2107 dentia,
396 2039 663 2107 querelae,
717 2036 962 2103 discidia,
1011 2035 1246 2104 partium
1300 2034 1496 2102 studia,
1544 2034 1698 2088 fictus

144 2156 321 2194 sermo
349 2146 400 2193 et
429 2139 621 2205 vultUS,
652 2136 1040 2203 simulationeS‚
1071 2143 1230 2202 arteS,
1256 2133 1512 2200 fallaciae,
1539 2133 1701 2187 inter-

145 2238 318 2307 posita
347 2246 686 2292 externorum
708 2235 996 2290 auctoritas
1023 2235 1090 2289 ad
1112 2233 1461 2302 Superiorum
1487 2232 1701 2286 liberta-

146 2347 253 2393 tem
298 2337 770 2407 praepediendam.
810 2336 951 2389 Haec
995 2343 1173 2388 autem
1218 2333 1418 2401 omnia,
1459 2350 1596 2402 quae
1635 2333 1701 2386 ab

146 2439 236 2493 illo
264 2436 566 2493 detestabili
593 2435 786 2504 spiritu
814 2434 1113 2489 necessario
1140 2441 1561 2501 consequuntur,
1590 2441 1699 2486 tam

147 2537 446 2606 perniciosa
485 2543 660 2590 essent
696 2543 748 2589 et
784 2535 1010 2601 funesta,
1040 2542 1099 2587 ut
1135 2533 1250 2601 ipsa
1277 2540 1560 2602 quaterent
1586 2532 1703 2585 fun-

148 2638 399 2692 damenta
442 2634 675 2689 aedificii
724 2633 1019 2701 SocietatiS,
1074 2641 1125 2687 et
1173 2631 1300 2686 satis
1351 2639 1527 2686 essent
1575 2631 1697 2697 illis,

148 2736 350 2804 absque
389 2734 617 2788 externis
656 2732 1095 2787 insectationibus
1137 2731 1491 2798 violentisque
1535 2746 1702 2797 oppu—

148 2834 512 2902 gnationibus,
543 2831 863 2886 subruendis
902 2840 953 2885 et
996 2830 1316 2886 evertendis,
1360 2829 1494 2883 Hinc
1534 2828 1702 2883 mani-

152 2935 284 2989 festo
357 2932 646 2999 colligitur,
717 2949 777 2986 ex
832 2932 996 2985 altera
1052 2938 1220 2999 parte,
1284 2947 1378 2983 cur
1432 2928 1482 2983 S.
1550 2929 1702 2982 Pater

152 3032 389 3100 Ignatius
438 3040 548 3085 tam
593 3030 742 3085 enixe
791 3029 945 3084 nobis
989 3028 1448 3084 commendaverit
1485 3027 1703 3081 humili-

153 3141 316 3188 tatem
360 3140 411 3187 et
459 3129 877 3197 oboedientiam,
930 3129 985 3183 in
1035 3130 1230 3197 quibus
1279 3129 1357 3183 uti
1407 3127 1701 3196 spiritualis

1768 643 2014 686 immineret

1734 705 1876 741 autem
1914 699 2053 746 ruina,

1735 753 1769 796 si
1787 753 2055 796 mundanum

1762 807 1974 850 libertatis
1997 814 2039 850 et

1777 861 2012 915 superbiae

1803 916 2002 970 spiritum

1772 971 2018 1014 admittere-

1846 1040 1958 1068 mus.
