2315 3559
498 220 599 277 468
1235 238 1333 276 PER

556 384 599 426 1⁰
628 383 850 428 Maiestas
876 397 926 427 ac
957 383 1176 428 Celsitudo
1206 382 1414 427 Altissimi
1453 382 1502 436 (Ι,
1536 381 1650 436 225),
1695 388 1901 436 quantam
1943 396 2068 426 reve-

499 469 687 513 rentiam
718 475 762 514 et
790 469 994 514 timorem
1026 468 1159 522 exigit
1189 469 1239 523 (1,
1273 467 1393 521 307)!
1428 468 1566 521 Quam
1598 468 1750 512 efficax
1782 468 1982 512 stimulus
2013 468 2066 511 ad

499 554 714 599 actualem
755 554 1036 599 devotionem
1072 554 1117 596 in
1154 553 1282 597 nobis
1324 554 1599 597 excitandam
1642 553 1744 597 dum
1786 553 2069 597 celebrantur

502 655 629 686 sacra
656 641 866 696 mysteria
888 641 938 694 (l,
963 639 1059 693 332,
1083 638 1205 693 333)Ῑ
1231 640 1357 693 Quid,
1394 639 1648 694 quantulus,
1673 654 1805 693 quam
1836 640 1930 683 fere
1963 639 2069 683 nihil

500 727 660 771 unicus
701 725 940 770 homuncio
982 725 1035 768 ad
1075 724 1192 768 illam
1234 739 1485 779 supremam
1526 725 1597 779 (ΙΙ,
1640 724 1738 779 376)
1778 731 1822 769 et
1858 725 2071 769 infinitam

500 814 594 857 veri
617 812 815 857 Numinis
839 811 1110 856 Maiestatem
1132 811 1204 865 (II,
1229 811 1348 864 147)1

553 899 598 943 2ο
630 899 923 944 Immensitas
954 904 997 941 et
1025 898 1284 953 Ubiquitas‚
1316 911 1403 951 qua
1441 897 1557 942 Deus
1588 912 1804 953 praesens
1835 903 1903 941 est
1932 897 2068 942 rebus

501 986 705 1030 omnibus
727 986 796 1039 (ΙΙ,
822 985 930 1036 151),
950 991 993 1028 et
1020 985 1184 1028 intimis
1220 985 1382 1029 nostris
1415 985 1515 1039 lpse
1543 985 1740 1029 intimior
1767 985 1817 1038 (I,
1842 984 1956 1038 307),
1979 985 2070 1028 fre-

500 1072 790 1127 quentissime
813 1071 1150 1115 commendatur
1181 1071 1418 1115 retinenda
1440 1070 1568 1115 nohis
1600 1071 1816 1115 memoria
1836 1071 1886 1124 (Ι,
1907 1071 1974 1123 51,
1999 1069 2067 1124 53,

500 1159 565 1209 70,
587 1159 652 1209 71,
668 1158 763 1211 257,
782 1157 877 1208 258,
894 1157 990 1211 300,
1008 1156 1103 1210 363,
1128 1156 1315 1209 443....),
1346 1156 1400 1200 ad
1422 1157 1670 1211 exemplum
1693 1156 1733 1201 S.
1755 1156 1799 1200 P.
1820 1156 1869 1200 N.
1895 1156 2066 1210 Ignatii,

501 1257 632 1298 quem
655 1243 822 1287 minimi
844 1242 966 1286 floris
999 1248 1073 1286 aut
1092 1242 1269 1296 plantae
1297 1241 1473 1286 humilis
1503 1247 1709 1296 aspectus
1730 1242 1775 1285 in
1797 1241 1935 1286 Deum
1967 1255 2072 1286 con-

498 1330 644 1374 festim
666 1329 868 1384 rapiebat
888 1330 940 1382 (l,
963 1328 1077 1381 439).
1109 1328 1206 1374 Vid.
1233 1328 1504 1373 Praesentia
1523 1328 1617 1373 Dei.

555 1415 599 1459 3O
621 1415 891 1467 Dominium,
927 1428 1014 1469 quo
1049 1428 1138 1458 non
1173 1414 1314 1458 solum
1351 1414 1547 1458 omnium
1579 1413 1807 1467 Dominus,
1831 1414 1909 1458 sed
1941 1414 2068 1458 etiam

501 1502 600 1546 fons
623 1508 690 1546 est
713 1501 856 1545 omnis
878 1500 1006 1554 regni
1037 1500 1272 1554 omnisque
1296 1499 1477 1544 dominii
1500 1500 1549 1553 (Ι,
1570 1499 1668 1554 308)
1691 1506 1735 1544 et
1755 1500 1898 1544 omnis
1925 1505 2074 1554 potes-

500 1587 600 1632 tatis
622 1587 666 1631 in
683 1585 997 1641 Superioribus
1015 1586 1239 1630 derivatae
1253 1586 1343 1639 (Ill,
1361 1586 1446 1639 77),
1461 1586 1652 1640 requirit
1670 1592 1921 1641 promptam
1939 1586 2072 1630 oboe-

501 1673 709 1717 dientiam
744 1673 794 1727 (I,
833 1672 927 1723 308,
965 1672 1079 1726 309),
1118 1678 1161 1716 et
1198 1678 1247 1717 ut
1280 1686 1380 1716 cum
1410 1671 1528 1716 hona
1562 1672 1788 1717 voluntate
1824 1673 2069 1717 serviamus

502 1760 615 1803 sicut
637 1758 838 1811 Domino,
863 1764 906 1802 et
928 1772 1017 1802 non
1039 1758 1291 1802 hominibus
1313 1758 1364 1811 (I,
1388 1758 1473 1811 34).

556 1846 600 1889 40
623 1845 920 1889 Providentia
940 1844 991 1897 (Ι,
1008 1843 1105 1897 309)
1125 1844 1271 1888 suavis
1294 1850 1337 1888 et
1351 1850 1539 1899 paterna
1560 1845 1611 1898 (I,
1630 1844 1717 1899 53),
1743 1858 1856 1899 quae
1878 1844 2073 1899 disponit

504 1932 651 1976 omnia
672 1931 867 1975 suaviter
887 1931 937 1984 (Ι,
958 1931 1044 1984 46),
1069 1931 1291 1984 attingens
1313 1944 1337 1974 a
1358 1931 1444 1974 fine
1477 1945 1620 1985 usque
1653 1931 1706 1974 ad
1735 1931 1868 1975 finem
1897 1931 2071 1975 fortiter

504 2018 574 2072 (Il,
603 2018 716 2071 446),
747 2017 869 2061 dives
901 2023 968 2061 est
997 2017 1041 2060 in
1073 2017 1388 2062 Misericordia
1422 2017 1493 2070 (ΙΙ,
1528 2017 1623 2071 101,
1655 2016 1768 2071 273),
1798 2018 1842 2060 in
1872 2017 1951 2060 hac
1984 2016 2071 2060 vita

506 2104 667 2159 impios
708 2103 904 2147 alliciens
945 2103 997 2146 ad
1036 2102 1354 2157 paenitentiam
1396 2103 1467 2157 (11,
1512 2102 1623 2155 143),
1662 2117 1761 2146 cum
1796 2102 1900 2146 facit
1935 2102 2071 2146 solem

506 2190 613 2233 oriri
649 2204 785 2244 super
818 2189 961 2232 honos
997 2195 1040 2232 et
1073 2188 1212 2232 malos
1247 2188 1317 2241 (ΙΙ,
1346 2187 1455 2241 142).
1481 2188 1564 2232 Sed
1596 2194 1640 2232 et
1670 2189 1824 2233 Iustus
1860 2188 2072 2232 Dominus

507 2276 578 2329 (ll,
602 2275 715 2329 472),
741 2276 784 2318 in
805 2275 1031 2318 horrendo
1054 2274 1126 2318 illo
1157 2273 1354 2328 supremi
1387 2274 1539 2318 Iudicii
1570 2274 1778 2318 tribunali
1800 2275 1869 2328 (II,
1889 2275 1984 2319 407.
2009 2274 2069 2318 Cs.

508 2362 559 2413 ΙΙ,
583 2361 698 2414 254),
717 2374 918 2404 severam
940 2360 1157 2403 rationem
1179 2364 1353 2413 repetet
1373 2359 1424 2413 (l,
1452 2359 1565 2413 229),
1586 2366 1630 2403 et
1649 2359 1806 2403 reddet
1834 2359 2073 2413 unicuique

510 2446 754 2491 secundum
792 2459 929 2500 opera
964 2445 1058 2489 eius
1093 2444 1183 2498 (ΙΙΙ,
1219 2444 1331 2496 166).
1365 2444 1449 2488 Sed
1480 2445 1550 2488 cui
1585 2445 1770 2489 multum
1806 2445 1953 2489 datum
1990 2450 2071 2497 est,

510 2531 694 2575 multum
727 2530 929 2584 requiret
963 2529 1016 2572 ab
1050 2543 1101 2573 eo
1134 2530 1227 2583 (III,
1257 2529 1370 2583 109).
1394 2529 1585 2574 Credere
1617 2530 1734 2574 enim
1767 2536 1943 2584 oportet
1975 2530 2075 2584 quia

516 2618 840 2661 Remunerator
861 2616 929 2666 sit,
950 2629 1139 2659 coronas
1161 2615 1327 2666 amicis,
1348 2616 1537 2660 inimicis
1565 2616 1771 2660 incendia
1802 2630 2079 2671 praeparans

513 2705 584 2757 (ll,
615 2704 703 2754 147,
726 2703 836 2756 148).
863 2702 1031 2754 Quanta
1055 2716 1162 2756 ergo
1186 2716 1285 2746 esse
1307 2702 1440 2746 debet
1462 2709 1613 2746 nostra
1646 2703 1885 2757 resignatio
1908 2703 1957 2755 (I,
1978 2702 2076 2757 309)

515 2796 559 2834 et
579 2788 866 2833 conformitas
895 2787 1067 2831 divinae
1090 2787 1307 2831 Voluntati
1331 2787 1402 2841 (ll,
1432 2787 1555 2841 278)1
1588 2788 1757 2840 Quanta
1789 2796 1938 2833 nostra
1971 2789 2079 2833 fidu-

516 2877 583 2920 cia
602 2876 674 2929 (ll,
698 2874 796 2927 302)
819 2879 863 2917 et
883 2874 1115 2917 aemulatio
1139 2874 1191 2917 ad
1225 2874 1498 2928 operandum
1531 2873 1696 2917 bonum
1717 2875 1767 2927 (l,
1786 2873 1900 2927 303).
1923 2873 2077 2918 Cetera

516 2961 607 3007 vid.
631 2960 927 3006 Providentia
948 2960 1118 3003 divina.

573 3049 617 3093 5⁰
639 3047 964 3096 Beneficentia‚
987 3060 1099 3099 quae
1134 3045 1439 3098 largitionibus
1471 3061 1558 3090 non
1593 3046 1847 3091 exhauritur
1877 3047 1946 3099 (ΙΙ,
1966 3046 2080 3100 263),

522 3141 629 3189 quot
665 3132 931 3187 quantisque
970 3131 1196 3174 benefieiis
1230 3146 1309 3175 nos
1341 3133 1586 3183 cumularit,
1619 3139 1916 3186 quantamque
1949 3132 2080 3175 animi

521 3219 830 3274 g·1·alitu‹linei¹1
856 3216 1048 3270 postulet
1069 3216 1117 3267 (Ι,
1132 3216 1230 3269 310)
1257 3232 1264 3259 :
1292 3217 1379 3259 ΓΜ.
1399 3218 1638 3262 Beneficia.
