2315 3559
556 203 660 259 4⁹28
1197 222 1294 260 con
1320 237 1387 243 -—
1412 221 1496 260 ms

554 365 750 411 insinuat
769 368 840 421 (ΙΙ,
863 367 950 421 22),
975 374 1018 412 et
1044 367 1162 412 inter
1193 367 1279 411 duo
1301 375 1496 412 extrema
1516 367 1851 422 procedendum
1873 369 1943 420 (ΙΙ,
1963 368 2029 420 23,
2050 369 2120 422 24,

556 451 754 507 195-198)
780 467 789 496 :
813 453 904 497 vid.
930 454 1212 509 Superiores,

609 539 836 585 correctio
866 539 1123 594 accipienda
1154 552 1253 583 cum
1285 538 1563 593 simplicitate
1585 545 1628 583 et
1649 545 1774 593 grato
1807 539 1953 584 animo
1977 541 2027 593 (Ι,
2048 540 2117 584 68.

552 624 615 670 Cf.
639 626 710 677 ΙΙΙ,
733 625 830 679 143)
856 640 864 669 ;
888 625 979 670 vid.
1005 624 1202 669 Subditi.

609 802 878 880 DEMISSIO
914 848 1195 889 nequaquam
1233 835 1447 889 quaesita,
1481 836 1558 880 sed
1590 850 1801 890 germana
1836 850 2032 890 veraque
2068 836 2123 881 sit

550 929 644 974 laus
667 935 845 974 nostrae
866 929 1073 974 minimae
1095 930 1324 975 Societatis
1347 930 1391 983 (l,
1413 930 1511 984 381)
1532 945 1540 974 z
1561 930 1650 975 vid.
1675 930 1938 975 HumilitaS.

603 1056 852 1102 DILECTIO
874 1058 924 1111 (Ι,
949 1057 991 1111 3)
1018 1072 1026 1101 :
1050 1057 1141 1102 vid.
1167 1059 1319 1103 Amor.

602 1185 934 1230 DIMITTENDI
955 1191 1058 1230 sunt
1081 1200 1090 1229 :
1114 1187 1158 1229 1Ο
1178 1184 1403 1230 Candidati
1421 1191 1464 1230 et
1480 1185 1641 1229 novicii
1660 1185 1733 1240 qui
1751 1186 1994 1229 secundum
2012 1185 2121 1229 Con·

549 1272 801 1318 stitutiones
836 1272 967 1317 utiles
1001 1271 1139 1316 futuri
1173 1272 1378 1316 Societati
1415 1286 1504 1316 non
1540 1271 1855 1316 iudicabuntur
1875 1271 1926 1323 (Ι,
1952 1271 2044 1315 192.
2070 1271 2120 1322 ΙΙ,

548 1359 705 1413 15-17),
720 1359 845 1413 prius
862 1358 1067 1403 adhibitis
1084 1358 1294 1403 remediis
1313 1364 1356 1402 et
1373 1357 1458 1402 duo
1478 1364 1675 1402 extrema
1690 1357 1868 1401 vitando
1880 1358 2117 1411 (ΙΙ,17-19).

600 1445 645 1489 2⁰
675 1445 930 1490 Scholastici
966 1445 1081 1490 male
1114 1445 1365 1489 mortificati
1402 1459 1484 1489 nec
1516 1458 1563 1489 se
1599 1444 1887 1489 emendantes
1922 1445 1972 1497 (Ι,
2008 1443 2119 1495 193),

543 1537 781 1587 postquam
800 1546 851 1576 ex
869 1531 1051 1576 caritate
1067 1531 1265 1576 remedia
1287 1530 1610 1576 emendationis
1628 1536 1795 1575 tentata
1813 1536 1915 1574 sunt
1930 1531 1980 1584 (I,
2004 1530 2114 1584 194),

543 1618 603 1662 ita
635 1624 684 1662 ut
717 1617 762 1662 in
799 1617 1070 1662 dimittendis
1111 1617 1376 1672 Superiores
1414 1631 1496 1662 nec
1534 1617 1622 1662 sint
1656 1617 1786 1661 nimis
1827 1617 1998 1661 celeres
2034 1631 2116 1661 nec

543 1704 684 1749 timidi
705 1704 755 1757 (Ι,
778 1704 891 1757 195).

597 1789 641 1834 30
670 1789 924 1834 Dimittendi
954 1790 1140 1834 facultas
1171 1789 1290 1834 inter
1322 1803 1404 1834 nos
1436 1789 1630 1841 cuilibet,
1660 1795 1980 1844 praeterquam
2012 1789 2116 1832 Pro-

541 1877 763 1921 fessor-um
794 1876 966 1930 gradui,
1000 1875 1248 1920 communis
1281 1875 1460 1930 quidem
1484 1881 1568 1929 est,
1594 1889 1682 1920 non
1704 1875 1802 1930 pari
1832 1881 1980 1919 tamen
2011 1875 2115 1919 faci-

541 1963 662 2008 litate
684 1963 936 2007 exercenda
956 1963 1026 2017 (ll,
1050 1963 1134 2017 17).

597 2049 709 2094 Hinc
740 2049 775 2094 si
808 2049 920 2103 quis,
953 2049 1045 2094 sive
1078 2048 1308 2103 scholaris,
1343 2048 1435 2092 sive
1467 2048 1715 2103 operarius,
1746 2053 1973 2092 constaret
2001 2048 2114 2092 male

539 2149 638 2180 esse
673 2135 914 2190 dispositus
950 2141 1024 2178 aut
1058 2134 1223 2179 habere
1264 2134 1634 2188 impedimentum
1676 2147 1828 2187 grave,
1864 2132 1900 2178 is
1935 2138 2111 2187 tempus

537 2220 725 2275 accipiat
746 2220 1036 2271 deliberandi,
1058 2220 1118 2264 ita
1140 2226 1187 2264 ut
1209 2219 1328 2263 nullo
1351 2220 1482 2263 modo
1505 2218 1791 2273 Superiorem
1817 2232 1864 2262 se
1886 2224 2111 2272 tamquam

541 2306 845 2352 adversarium
866 2306 1032 2351 habere
1055 2306 1274 2351 existimet
1293 2307 1343 2359 (I,
1365 2305 1457 2357 198,
1479 2305 1572 2350 199.
1598 2305 1659 2350 Cf.
1684 2306 1754 2356 ΙΙΙ,
1778 2305 1889 2355 182).

584 2434 892 2479 DISCIPLINA
906 2433 1138 2488 regularis,
1154 2432 1236 2478 nisi
1254 2438 1512 2477 constanter
1530 2437 1804 2476 sustentetur
1817 2444 1867 2475 ac
1878 2435 2113 2485 reparetur

540 2534 565 2564 a
585 2519 899 2574 Superioribus
931 2520 1003 2573 (ΙΙ,
1029 2519 1243 2573 179-181),
1267 2524 1358 2563 tum
1390 2518 1655 2562 immediatis
1686 2524 1778 2561 tum
1809 2517 2010 2561 mediatis
2041 2516 2111 2569 (ll,

538 2604 634 2656 213,
654 2604 748 2655 ⁶214,
769 2604 984 2658 219-222),
1015 2605 1225 2659 paulatim
1258 2604 1510 2649 collabetur
1539 2604 1609 2657 (ΙΙ,
1629 2603 1725 2658 203,
1758 2603 1871 2657 204),
1902 2610 1945 2647 et
1975 2602 2111 2646 semel

540 2691 734 2746 collapsa
755 2690 825 2734 vix
846 2691 956 2734 citra
975 2691 1235 2735 miraculum
1258 2691 1458 2745 reparari
1479 2690 1644 2745 poterit
1664 2689 1734 2743 (Il,
1749 2689 1844 2735 205.
1864 2689 1925 2734 Cf.
1946 2689 1996 2739 ΙΙ,
2022 2689 2110 2738 181,

540 2776 633 2820 182.
659 2776 731 2826 ΙΙΙ,
751 2775 865 2826 202).
893 2775 1015 2819 Hanc
1047 2781 1232 2820 enervat
1261 2775 1643 2830 dispensationum
1676 2774 1860 2818 facilitas
1881 2772 1968 2826 (IV.
1995 2773 2106 2826 154).

595 2860 748 2906 Modus
766 2874 862 2904 eam
880 2860 1033 2904 tuendi
1049 2860 1319 2915 relinquitur
1334 2860 1599 2914 prudentiae
1618 2873 1667 2903 ac
1684 2858 1871 2913 peritiae
1890 2857 2109 2902 praesidis

538 2947 607 3001 (ΙΙ,
627 2946 722 2997 214,
742 2945 856 2999 215),
886 2945 1018 2989 modo
1051 2960 1203 2990 curam
1225 2952 1269 2990 et
1291 2945 1617 2990 correctionem
1651 2958 1892 2998 numquam
1925 2943 2108 2992 omittat,

540 3032 670 3077 nullis
700 3031 1030 3076 difficultatibus
1062 3032 1191 3075 cedat
1220 3033 1291 3085 (ΙΙ,
1311 3031 1424 3085 216),
1446 3037 1489 3076 et
1510 3031 1676 3075 abusus
1708 3036 1945 3083 antequam
1978 3028 2108 3073 subo-

539 3118 711 3163 riantur
731 3116 992 3172 praeveniat
1014 3117 1083 3170 (ll,
1104 3117 1320 3170 217-219).

593 3203 749 3250 Cetera
770 3203 860 3249 vid.
886 3203 1262 3260 ConstitutioneS,
1282 3203 1542 3249 Exsecutio.
