2315 3559
477 236 580 291 492
1097 253 1201 290 TEM
1239 267 1295 272 —-
1326 253 1424 290 TEP

480 414 566 444 non
589 406 707 444 esset
730 413 809 443 nec
831 399 1070 442 indiscreta
1097 398 1148 449 (Ι,
1172 398 1285 451 268),
1321 405 1364 442 et
1393 405 1441 442 ut
1472 398 1709 441 valetudini
1732 396 2040 440 consuleretur

475 488 526 541 (Ι,
550 486 644 539 249,
668 486 762 530 259.
798 486 848 538 ΙΙ,
883 484 1041 537 38-40).
1076 484 1178 528 ldeo
1211 498 1266 528 ne
1298 485 1589 538 opprimatur,
1623 490 1771 527 certae
1801 495 2038 526 mensurae

477 573 586 617 ratio
616 572 833 616 servanda
863 571 907 614 in
938 570 1164 614 laboribus
1195 571 1246 623 (Ι,
1279 569 1348 623 52)
1380 576 1423 613 et
1452 568 1654 622 corporis
1685 566 2039 611 afflictationibus

474 660 526 712 (l,
556 658 616 711 13,
647 658 761 712 260),
795 658 837 701 ἰι]
871 657 1070 701 oratione
1105 656 1156 708 (Ι,
1189 655 1288 709 251)
1324 662 1367 699 et
1401 655 1776 709 contemplatione
1811 653 1882 707 (ΙΙ,
1921 652 2035 705 170);

477 745 583 799 quin
605 745 737 788 immo
755 745 799 787 in
814 742 1299 788 sollicitudineiuvandi
1315 742 1562 795 proximum
1581 741 1631 793 (Ι,
1651 739 1847 785 207·210.
1872 739 1923 790 ΙΙ,
1948 738 2041 782 171-

482 831 572 884 172)
593 830 710 874 zelus
742 830 836 883 ipse
867 829 1135 872 discretione
1165 827 1481 882 temperandus
1513 834 1580 870 est
1600 826 1671 879 (ΙΙ,
1704 824 1799 869 439.
1833 824 1905 877 ΙΙΙ,
1940 823 2035 877 321,

474 917 572 971 322)
598 931 606 960 ;
632 923 796 970 quanto
825 915 964 969 magis
986 915 1028 958 in
1063 913 1356 958 sollicitudine
1388 927 1538 956 rerum
1565 911 1873 966 temporalium
1894 910 1945 963 (Ι,
1969 908 2038 962 66,

474 1004 541 1055 67,
566 1002 678 1056 383).
714 1002 850 1045 Porro
878 999 1159 1055 praesentiae
1188 999 1362 1042 divinae
1390 998 1644 1052 magisterio
1673 997 1886 1040 docemur
1906 1008 2040 1048 agere

476 1088 703 1132 moderate
721 1088 771 1141 (l,
797 1086 911 1141 443).

528 1175 648 1218 Aliae
665 1175 850 1218 virtutes
868 1187 981 1227 quae
998 1172 1051 1216 ad
1067 1171 1405 1226 temperantiam
1423 1169 1681 1213 referuntur
1701 1183 1709 1211 :
1732 1167 1820 1211 cdd.
1842 1166 2040 1210 Casti‘tas

475 1261 794 1314 Mansuetudo,
815 1260 1056 1312 Modestia,
1073 1258 1333 1302 Humilitas.

529 1377 924 1423 TEMPESTATES
956 1391 1005 1420 ac
1038 1375 1259 1429 procellae
1293 1374 1453 1428 quibus
1485 1373 1686 1427 pulsatur
1713 1370 1868 1425 cymba
1898 1369 2042 1413 Socie-

473 1465 573 1509 tatis
593 1465 663 1518 (11,
688 1463 783 1516 345,
808 1462 903 1516 397,
928 1462 1025 1515 437)
1051 1477 1059 1505 ;
1082 1461 1173 1506 vid.
1197 1461 1419 1505 Adversa.

529 1581 901 1634 TEMPORALIA,
924 1581 1015 1624 sive
1038 1594 1110 1623 res
1132 1578 1357 1622 familiaris
1379 1576 1673 1630 Collegiorum
1705 1588 1755 1617 ac
1784 1574 2040 1626 Domorum,

474 1670 533 1713 ita
563 1668 759 1712 curanda
794 1682 849 1711 ne
886 1668 1072 1721 quatiat
1101 1665 1358 1709 caelestium
1391 1664 1559 1707 iactura
1589 1661 1639 1714 (Ι,
1673 1661 1786 1713 464).
1819 1659 2041 1713 Cupiditas

473 1755 591 1800 enim
613 1754 860 1799 certissima
880 1753 1018 1807 pestis
1041 1759 1107 1796 est
1130 1750 1406 1804 Religionum
1438 1749 1490 1803 (Ι,
1522 1747 1609 1802 66),
1648 1754 1691 1791 et
1723 1746 1854 1789 nimia
1886 1744 2041 1788 sollici—

475 1841 578 1885 tudo
619 1838 928 1894 temporalium
970 1836 1228 1891 saepissime
1265 1848 1397 1878 causa
1437 1832 1714 1877 remissionis
1750 1831 1801 1884 (Ι,
1844 1829 2039 1882 saa-190,

476 1926 670 1971 413-416.
697 1927 749 1978 ΙΙ,
770 1925 881 1978 170).

532 2011 676 2064 Quare
712 2025 767 2054 ne
805 2010 860 2054 sit
888 2010 1045 2053 horum
1076 2022 1183 2052 cura
1212 2005 1503 2050 immoderata
1535 2005 1586 2057 (l,
1619 2002 1714 2055 383,
1748 2002 1861 2055 463),
1895 2001 2043 2044 admo-

476 2097 625 2150 nendi,
650 2096 903 2151 corrigendi
937 2102 980 2139 et
1008 2095 1150 2139 officio
1181 2093 1310 2137 etiam
1343 2091 1550 2135 movendi
1584 2090 1900 2133 Procuratores
1930 2101 2041 2140 quos

475 2184 519 2228 in
542 2198 593 2228 ea
613 2198 662 2228 re
685 2184 738 2227 al]
761 2183 963 2228 Instituto
987 2188 1140 2225 nostro
1173 2193 1326 2224 errare
1357 2178 1619 2232 Superiores
1649 2173 2044 2219 animadverterint

477 2271 528 2324 (Ι,
548 2271 661 2324 464).

532 2357 589 2401 Ut
608 2356 807 2411 profusio
831 2355 1006 2399 vitanda
1037 2354 1087 2407 (Ι,
1112 2352 1207 2405 369,
1231 2352 1325 2397 370.
1360 2351 1411 2403 ll,
1436 2351 1522 2403 96),
1554 2350 1611 2393 ita
1634 2349 1762 2393 etiam
1785 2361 1923 2402 prava
1944 2361 2044 2401 par-

478 2443 665 2487 simonia
692 2442 763 2495 (ΙΙ,
786 2441 927 2495 38-40,
961 2441 1029 2493 97,
1060 2440 1146 2493 98),
1179 2437 1581 2490 coiilidendumque
1616 2434 1936 2479 sanctissimam
1966 2433 2042 2476 Dei

476 2528 800 2584 providentiam
835 2525 1173 2570 necessitatibus
1204 2522 1523 2577 temporalibus
1557 2535 1644 2564 non
1674 2534 1772 2563 esse
1795 2519 2041 2563 defuturam

478 2614 528 2667 (l,
566 2614 654 2657 189.
690 2614 749 2657 Cf.
786 2613 816 2662 Ι,
850 2612 918 2665 67,
951 2612 1064 2663 414),
1094 2617 1136 2654 et
1166 2608 1427 2663 ceteroquin
1459 2608 1580 2651 iuvat
1608 2607 1737 2650 etiam
1769 2605 2043 2659 paupertatis

478 2699 649 2743 fructus
672 2698 862 2752 experiri
889 2697 962 2750 (ΙΙ,
985 2696 1081 2749 343,
1105 2696 1218 2749 344).

533 2783 810 2838 Temporalia
844 2782 1020 2836 negotia
1041 2780 1476 2834 consanguineorum
1508 2778 1575 2821 vel
1607 2777 1791 2820 aliorum
1823 2789 1909 2818 non
1943 2781 2045 2818 sunt

482 2871 761 2926 suscipienda
784 2870 855 2922 (ΙΙ,
879 2868 1022 2921 91-93)
1047 2883 1055 2911 ;
1084 2868 1171 2911 vicl.
1196 2867 1389 2923 Negotia
1409 2865 1683 2910 Saecularia.

535 2988 713 3033 TBPOR
731 2987 986 3042 spiritualis,
1006 2986 1119 3029 sicut
1135 2985 1293 3029 vulnus
1310 2984 1448 3027 malae
1466 2982 1692 3033 inflictum,
1714 2981 1843 3024 vitam
1867 2979 2042 3032 quidem

484 3087 572 3118 non
608 3072 772 3125 adimit,
809 3071 913 3115 nihil
948 3078 1094 3115 tamen
1130 3070 1276 3113 minus
1311 3069 1533 3113 hominem
1571 3067 1788 3109 deformat
1821 3064 1891 3115 (ll,
1934 3064 2040 3115 141).

482 3160 592 3204 Nihil
622 3159 831 3212 religioso
869 3158 962 3201 viro
995 3163 1080 3201 tam
1114 3162 1369 3209 suspectum
1402 3168 1500 3198 esse
1532 3153 1664 3197 debet
1694 3165 1824 3205 quam
1857 3150 1891 3194 si
1922 3149 1965 3192 in
1998 3163 2045 3192 se

478 3246 669 3290 studium
709 3244 997 3299 perfectionis
1036 3242 1281 3296 frigescere
1323 3240 1457 3285 sentit
1496 3241 1546 3292 (1,
1590 3238 1701 3291 124).
1743 3237 1887 3291 Signa
1929 3248 2042 3289 quae
