2315 3559
180 198 246 236 DE
268 197 573 236 REPETENDA
595 198 666 235 ss,
687 197 1302 248 PETR1‚IOANN.ETALP11.
1323 198 1561 237 MEMORIA
1599 184 1689 238 191

142 343 368 396 tualium
413 342 590 395 studio
633 359 644 394 ε
683 342 794 396 Illa
828 342 975 396 enim
1011 342 1274 395 interiora
1305 348 1447 406 sunt,
1484 359 1547 395 ea)
1580 345 1698 410 qui-

143 441 238 494 bus
286 441 582 508 efficaciam
626 442 695 493 ad
742 441 1008 494 eoeterz'ora
1050 457 1377 507 permanare
1425 442 1495 493 ad
1536 441 1694 507 finem

141 540 293 592 nobis
358 540 695 606 proposz'tmn
768 545 983 605 oportet.
1048 539 1219 602 Quare
1292 539 1482 592 eodem
1560 539 1698 592 Petri

141 636 322 690 animo
389 636 709 690 imbuendos
783 654 896 690 esse
957 644 1167 690 nostros
1236 645 1574 703 censuerunt,
1640 654 1698 690 ac

140 743 425 804 propterea
468 737 531 789 ad
589 736 751 790 breve
805 743 1016 803 tempus
1071 737 1405 789 avocandum
1462 736 1553 789 Dei
1593 754 1701 790 ser-

141 852 267 888 vum
311 835 376 889 ab
403 851 584 904 opera,
632 835 978 903 quantumvis
1017 835 1461 890 fructuosissima.
1491 836 1557 891 Sz·
1582 838 1701 906 qui-

139 936 277 1001 dem,
324 942 383 988 ut
433 935 594 989 habet
644 934 929 989 Instructio
987 935 1194 990 decima
1254 952 1479 990 numero
1531 944 1695 1002 sextO,

141 1034 366 1088 illorum
421 1035 671 1089 omnium-
726 1035 999 1100 manibus,
1054 1036 1149 1104 qui
1191 1036 1255 1088 ab
1314 1036 1427 1102 ipso
1468 1036 1701 1103 promoti

139 1131 329 1199 (liquos
376 1149 429 1185 se
470 1132 725 1198 praebent
771 1131 1050 1186 Societatis
1099 1133 1470 1198 administros,
1517 1150 1700 1200 opera-

142 1235 247 1296 tur,
312 1230 406 1297 qui
461 1230 577 1285 illos
639 1231 891 1285 erudivit.
953 1230 1193 1285 Minister
1257 1231 1424 1298 igitur
1488 1231 1698 1297 collegii

139 1328 462 1396 supplicanti
500 1329 715 1384 Rectori
760 1330 915 1384 datus
961 1338 1056 1384 est.

206 1428 290 1483 927.
339 1429 527 1484 Munus
571 1431 672 1485 hoc
723 1439 802 1485 est
849 1432 1089 1498 profecto
1146 1431 1548 1498 gravissimum.
1609 1432 1699 1485 Est

139 1529 283 1584 enim
369 1530 604 1584 ministri
683 1531 1112 1599 constitutioneS,
1185 1533 1418 1599 regulas,
1479 1549 1700 1585 consue—

138 1628 352 1683 tudines
390 1630 713 1698 approbatas
757 1629 896 1684 tueri
946 1648 1005 1684 ac
1054 1630 1344 1697 custodire,
1392 1648 1452 1684 ex
1502 1630 1698 1698 quibus

139 1727 407 1782 enascitur
464 1729 597 1783 ordo
657 1729 886 1783 Domino
941 1729 1048 1783 Deo
1103 1729 1462 1796 gratissimus,
1518 1730 1698 1783 Partes

139 1827 306 1895 ipsius
350 1827 669 1896 praecipuae
713 1836 854 1896 sunt,
908 1828 1341 1883 coniunctionem
1392 1828 1698 1883 animorum

139 1926 320 1980 fovere
358 1935 410 1981 et
447 1927 846 1982 oboedientiam
884 1928 1240 1982 exhibendam
1274 1927 1351 1981 illi
1378 1928 1472 1996 qui
1512 1927 1699 1982 domui

136 2034 363 2093 praeest.
413 2027 493 2080 Illi
531 2028 794 2095 clausura,
825 2027 901 2080 illi
946 2027 1240 2095 silentium,
1293 2027 1370 2081 illi
1409 2027 1695 2089 munditia,

139 2125 260 2194 tria,
319 2143 379 2181 ex
428 2127 624 2195 quibus
682 2128 875 2182 domus
924 2128 1026 2182 rite
1086 2127 1376 2182 constituta
1431 2127 1700 2194 dignosci-

138 2232 244 2293 tur,
309 2234 434 2280 sunt
494 2228 889 2295 commendata,
947 2235 1007 2281 ut
1056 2245 1117 2282 ea
1173 2227 1390 2296 exsequi
1445 2234 1594 2281 curet
1649 2235 1700 2281 et

138 2325 331 2380 domus
388 2335 602 2382 nostrae
652 2327 918 2395 ordinem,
959 2327 1405 2396 tranquillitatem
1450 2335 1501 2382 et
1544 2327 1700 2381 deco-

139 2444 259 2480 rum
303 2444 431 2494 prae
476 2445 530 2482 se
574 2429 748 2482 ferant
784 2436 836 2483 et
873 2429 939 2483 ad
984 2446 1252 2496 normam,
1290 2437 1349 2482 ut
1386 2428 1459 2482 ita
1497 2428 1693 2495 dicam,

138 2535 300 2595 atque
345 2527 639 2594 imaginem
685 2529 878 2583 domus
922 2529 1180 2583 Nazareth
1219 2529 1539 2584 constitutae
1584 2547 1698 2584 esse

142 2627 441 2681 videantur.
488 2628 566 2681 Ad
618 2627 926 2682 ministrum
970 2628 1174 2696 pariter
1215 2628 1466 2697 pertinet,
1508 2647 1696 2698 parare

139 2727 205 2781 ad
251 2726 541 2781 vivendum
586 2734 638 2780 et
681 2727 746 2781 ad
791 2727 1146 2781 habitandum
1189 2728 1505 2782 necessaria.
1554 2728 1696 2791 Quae

139 2827 184 2882 si
222 2827 323 2882 rite
373 2827 522 2895 fiant,
570 2827 822 2881 fidentius
863 2827 1027 2882 etiam
1072 2845 1210 2896 quae
1247 2829 1313 2883 ad
1364 2829 1557 2884 domus
1591 2828 1698 2883 dis-

139 2926 393 2994 ciplinam
443 2935 684 2994 spectant
732 2927 929 2994 poterit
979 2928 1304 2997 praecipere.

206 3025 375 3080 Curae
424 3042 552 3080 vero
602 3033 888 3094 paupertas
931 3026 979 3080 ei
1024 3026 1079 3080 in
1128 3027 1319 3095 primis
1364 3045 1476 3082 esse
1515 3027 1690 3094 debet,

139 3142 204 3180 ne
242 3125 310 3179 sit
346 3125 402 3179 in
435 3126 597 3180 domo
638 3125 920 3194 quidpiam
954 3126 1112 3181 alicui
1151 3126 1451 3195 proprium,
1499 3126 1695 3194 pretio—

1776 550 1908 582 Const.
1927 560 1963 591 p.
1982 551 2032 582 10.

1864 600 1902 623 n.
1919 594 1950 623 2.

1763 1452 2022 1506 gravissimo
2039 1467 2048 1506 ;
