2315 3559
862 216 947 255 1us
975 231 1041 237 —
1068 215 1161 254 Lac
1688 199 1788 254 447

294 365 397 409 Post
429 364 695 409 noviciatum
728 361 809 406 sibi
831 361 1021 415 relinqui
1053 375 1141 405 non
1173 359 1335 405 dehent
1364 360 1434 413 (ΙΙ,
1458 361 1572 414 16Ο);
1598 361 1674 405 sed
1696 375 1792 415 spe-

241 450 393 494 cialem
412 449 679 503 vigilantiam
701 447 985 501 Superiorum
1003 447 1227 502 postulant
1248 446 1376 490 etiam
1394 446 1421 489 ii
1441 446 1513 500 qui
1530 446 1573 490 in
1590 446 1791 500 Collegiis

242 536 412 580 scholas
442 541 601 589 regant
621 533 691 587 (ΙΙ,
714 532 828 587 206),
853 539 896 577 et
926 533 1000 577 ubi
1032 532 1306 577 consuetudo
1328 532 1462 586 viget,
1496 532 1655 577 cotidie
1686 532 1792 587 ipsis

242 627 407 675 puncta
427 618 723 664 meditationis
744 624 1053 672 proponantur
1073 617 1144 670 (ll,
1168 617 1279 670 161).

290 705 320 749 N
328 719 383 749 on
404 704 722 749 obliviscantur
742 703 984 747 modestiae
1002 703 1051 755 (Ι,
1072 702 1166 755 201,
1186 702 1283 756 442)
1301 716 1349 746 ac
1366 702 1643 746 reverentiae
1662 716 1791 756 quam

235 791 426 845 antiquis
449 790 649 835 Patribus
671 789 878 834 exhihere
900 789 1063 834 debent
1083 789 1134 843 (l,
1157 789 1252 844 202,
1271 788 1365 833 379.
1387 789 1438 843 ΙΙ,
1458 788 1576 843 431);
1600 795 1643 834 et
1664 790 1699 833 si
1717 791 1791 844 qui

235 875 630 931 deprehenduntur
645 875 782 920 libros
799 875 944 920 minus
962 881 1106 919 castos
1122 875 1319 919 lectitare
1333 874 1402 919 vel
1419 875 1531 930 apud
1552 889 1598 919 se
1615 874 1792 926 habere,

235 960 465 1005 confestim
487 961 532 1004 in
553 960 804 1004 tirocinium
826 960 1108 1004 remittantur
1128 961 1141 1013 (
1148 959 1179 1013 I,
1202 960 1297 1013 461,
1321 960 1432 1013 462).

290 1046 377 1089 Iam
401 1052 444 1090 et
464 1045 547 1100 ipsi
570 1045 708 1090 zelum
732 1059 942 1090 exercere
962 1052 1151 1100 possunt
1171 1045 1222 1098 (Ι,
1241 1045 1310 1099 15)
1328 1051 1371 1089 et
1391 1045 1555 1090 debent
1574 1045 1645 1099 (ΙΙ,
1663 1044 1760 1098 239)
1779 1059 1788 1088 :

233 1131 350 1176 bona
386 1131 647 1183 intentione,
683 1131 826 1175 studio
864 1131 1166 1186 perfectionis,
1199 1130 1328 1175 honis
1369 1130 1594 1186 exemplis,
1628 1130 1790 1175 sanctis

233 1217 463 1262 desideriis
486 1223 529 1262 et
548 1217 756 1272 precibus
779 1217 828 1270 (I,
858 1217 921 1270 16,
947 1218 1011 1261 117.
1036 1216 1097 1281 Cf.
1123 1217 1174 1271 ΙΙ,
1197 1216 1391 1262 356-364.
1415 1217 1486 1270 ΙΙΙ,
1512 1216 1722 1270 197-203).

286 1302 442 1348 Cetera
465 1303 556 1347 rid.
581 1304 808 1349 Externus
828 1304 978 1358 home,
1000 1303 1283 1348 Scholastici.

291 1440 537 1485 IUSTITIA
559 1440 705 1484 divina
726 1453 914 1484 coronas
936 1440 1102 1494 amicis,
1125 1440 1312 1485 inimicis
1332 1440 1536 1484 incendia
1555 1447 1791 1495 praeparat

231 1525 301 1578 (II,
327 1525 423 1578 148)
449 1540 458 1569 z
482 1525 572 1569 rid.
597 1526 904 1571 Perfectiones
927 1526 1123 1571 divinae.

285 1611 484 1666 Iustitia,
502 1618 698 1666 spectata
714 1618 761 1655 ut
777 1611 916 1656 virtus
933 1611 1226 1664 universalis,
1244 1611 1487 1665 requiritur
1502 1625 1526 1655 a
1543 1611 1686 1665 nobis,
1701 1625 1790 1656 non

238 1697 378 1741 solum
400 1703 449 1741 ut
468 1697 666 1741 vivamus
688 1697 776 1741 vita
803 1697 1018 1741 iustorum
1041 1696 1112 1751 (ΙΙ,
1135 1696 1249 1749 275),
1274 1697 1351 1741 sed
1371 1704 1420 1742 ut
1439 1697 1490 1741 ad
1514 1711 1609 1742 eam
1630 1697 1791 1742 multos

236 1782 488 1826 erudiamus
510 1781 561 1834 (Ι,
585 1782 623 1833 7,
649 1781 742 1825 422.
769 1781 839 1833 ΙΙΙ,
863 1780 961 1834 256)
987 1795 995 1824 :
1018 1781 1110 1825 vid.
1133 1781 1256 1825 Pinis
1278 1781 1536 1827 Societatis.

287 1868 486 1921 Iustitia,
510 1874 558 1912 ut
580 1868 718 1912 virtus
750 1867 1024 1921 cardinalis,
1048 1868 1177 1922 aequi
1207 1868 1403 1922 bonique
1434 1868 1610 1922 vindex,
1633 1868 1787 1913 eodem

231 1952 402 2007 flagello
426 1966 513 2007 quo
535 1952 580 1996 in
601 1966 705 1996 reos
735 1959 951 1997 nocentes
980 1952 1304 2007 animadvertit,
1334 1953 1437 1997 vitia
1463 1954 1559 2008 ipsa
1587 1954 1788 1998 extermi-

233 2045 308 2084 nat
329 2039 400 2093 (ΙΙ,
422 2038 508 2092 60),
532 2053 613 2093 pro
635 2039 804 2083 meritis
824 2040 973 2084 munia
994 2039 1264 2084 distribuens
1296 2040 1601 2084 incredibilem
1623 2041 1788 2085 animo·

233 2140 330 2170 rum
352 2125 635 2169 concordiam
655 2125 772 2180 parit
792 2125 862 2178 (ll,
887 2125 999 2178 136),
1023 2132 1066 2170 et
1085 2126 1184 2170 ideo
1207 2127 1433 2181 speciatim
1455 2127 1789 2172 commendatur

233 2211 596 2256 informatoribus
616 2218 665 2256 ut
693 2211 747 2255 ab
777 2212 895 2256 omni
928 2212 1086 2257 affectu
1116 2212 1366 2258 inordinato
1396 2213 1560 2257 illibata
1585 2220 1788 2258 servetur

233 2297 304 2350 (ΙΙ,
329 2296 540 2351 131-150).

286 2471 479 2552 LABOR
510 2508 565 2552 sit
594 2514 746 2552 noster
775 2508 976 2553 assiduus
1007 2515 1050 2553 et
1078 2509 1217 2554 fidelis
1248 2510 1319 2563 (ΙΙ,
1351 2509 1463 2564 329),
1497 2511 1588 2554 sive
1618 2511 1785 2565 impen—

234 2598 363 2642 datur
396 2597 605 2653 propriae
639 2597 902 2652 perfectioni
933 2598 983 2651 (l,
1016 2598 1086 2651 94)
1112 2613 1120 2642 z
1144 2598 1233 2642 vid.
1271 2600 1454 2652 Pei-vor,
1489 2600 1654 2655 ‘repon
1693 2600 1784 2644 sive

239 2684 367 2729 saluti
388 2685 575 2739 proximi
597 2684 668 2738 (Il,
692 2683 787 2739 237,
809 2684 907 2737 243)
933 2699 941 2728 :
966 2684 1056 2729 vicl.
1081 2685 1245 2739 Otium,
1265 2687 1410 2732 Zelus.

292 2821 481 2866 LECTIO
505 2835 640 2876 super
666 2834 863 2865 mensam
886 2834 938 2866 ex
965 2822 1124 2876 quihus
1155 2822 1278 2868 libris
1300 2823 1355 2868 sit
1374 2824 1572 2868 facienda
1593 2824 1664 2878 (ΙΙ,
1688 2824 1780 2868 161.

232 2906 300 2961 IV,
324 2907 435 2960 165).

287 2992 491 3037 Lectioni
523 2991 736 3046 spirituali
767 2992 964 3046 privatae
998 2999 1172 3048 tempus
1207 2994 1471 3038 destinatum
1505 2995 1785 3049 impendatur

232 3078 455 3131 integrum
477 3077 548 3130 (ΙΙ,
573 3077 683 3130 161).
707 3078 859 3123 Lectio
880 3077 1246 3124 Constitutionum
1267 3079 1415 3123 S.P.N.
1435 3086 1517 3124 etc.
1538 3081 1590 3124 ad
1610 3081 1783 3135 profec-

231 3169 322 3207 tum
345 3162 470 3206 valde
494 3168 743 3216 opportuna
765 3162 836 3216 (ΙΙ,
859 3163 971 3216 418).
994 3162 1148 3209 Cetera
1169 3164 1258 3209 rid.
1285 3164 1492 3219 Gazulae‚
1508 3165 1644 3210 Libri.
