2315 3559
315 648 369 691 ab

249 703 334 746 lust
344 703 438 747 ituti

200 759 489 813 praescriptis

257 814 431 857 avertit.

557 185 656 242 :288
818 204 1066 243 EPlSTOLA
1105 206 1152 243 R.
1199 204 1243 243 P.
1288 206 1339 243 N.
1388 204 1630 244 Lunoviol
1671 205 1868 245 MARTIN

555 348 789 417 denique
852 350 1017 404 vitam
1079 368 1257 417 agere,
1323 350 1633 418 religiosam
1706 367 1824 405 eam
1896 351 2119 419 quidem

555 447 743 502 habitu
783 457 1106 517 externaque
1150 449 1345 517 specie,
1384 450 1609 505 minime
1652 457 1832 504 tamen
1877 451 2119 505 moribus

554 555 606 602 et
644 547 901 603 interiore
945 549 1158 616 spiritu.

622 648 705 702 17.
773 649 846 701 Eo
914 665 1039 702 cum
1108 649 1399 702 deventum
1474 649 1652 715 fuerit,
1717 649 1825 702 iam
1896 649 2120 716 maligni

553 747 774 816 spiritus
841 756 1057 802 versuta
1123 748 1353 803 nocendi
1417 749 1553 803 ratio
1616 749 1836 803 evidens
1898 758 2122 818 apparet

554 847 824 914 omnibus,
901 848 995 915 qui
1075 866 1203 902 sana
1276 855 1455 902 mente
1529 848 1822 916 potiantur.
1898 849 2116 917 Verum,

553 948 698 1016 quod
757 948 811 1001 in
866 955 1014 1002 tanta
1069 947 1375 1002 calamitate
1437 948 1957 1016 perniciosissimum
2019 957 2116 1016 est,

552 1046 642 1101 illa
685 1047 855 1101 animi
905 1047 1141 1115 levitate,
1190 1048 1256 1102 de
1301 1065 1407 1115 qua
1451 1047 1748 1116 loquimur,
1796 1048 1958 1103 etiam
2009 1049 2118 1118 pri-

552 1164 671 1202 mae
728 1155 781 1202 et
832 1147 1146 1215 potissimae
1208 1147 1492 1215 religiosae
1553 1148 1691 1203 vitae
1753 1148 2000 1204 notiones
2068 1157 2117 1204 et

552 1247 874 1315 officiorum,
922 1265 1061 1316 quae
1111 1265 1171 1302 ex
1222 1248 1310 1302 illa
1354 1248 1656 1303 necessario
1708 1249 2001 1316 profluunt,
2044 1249 2116 1303 ita

552 1347 885 1417 pedetentim
937 1347 1295 1402 obscurantur
1333 1355 1385 1402 et
1437 1365 1570 1416 pene
1611 1347 2008 1416 oblitterantur,
2056 1356 2117 1402 ut

552 1449 698 1516 quod
767 1447 957 1503 ceteris
1026 1449 1374 1503 manifestum
1436 1456 1535 1515 est,
1600 1448 1718 1502 illos
1786 1449 1958 1515 fugiat
2023 1448 2117 1516 qui

551 1555 767 1603 satanae
830 1548 1110 1603 fraudibus
1173 1549 1370 1603 misere
1426 1547 1788 1616 decipiuntur.
1844 1549 1972 1603 Inde
2034 1549 2113 1616 fit,

551 1657 608 1702 ut
657 1648 805 1702 iuvet
854 1648 973 1702 illos
1019 1648 1301 1716 religiosos
1352 1648 1552 1716 vivere,
1605 1647 1660 1701 in
1704 1648 1972 1715 religiosis
2023 1649 2118 1702 do-

550 1749 728 1803 mibus
780 1749 994 1817 degere,
1037 1757 1090 1804 et
1135 1748 1438 1803 ministeria
1476 1756 1659 1803 nostra
1704 1766 1974 1815 exercere;
2023 1749 2114 1803 sed

549 1848 767 1916 ingenio
818 1844 915 1904 suo
967 1867 1174 1919 suoque
1224 1849 1400 1917 libitu,
1457 1848 1780 1917 posthabitis
1835 1848 2114 1915 religionis

548 1948 775 2016 legibuS,
818 1948 1035 2017 quibUS,
1090 1949 1197 2002 Deo
1251 1956 1495 2014 vocante,
1550 1965 1664 2002 sese
1716 1946 2110 2014 obligaverunt.

545 2047 666 2102 Vita
720 2048 1045 2116 communiS,
1100 2047 1363 2115 regularis
1426 2046 1731 2115 disciplina,
1796 2047 1982 2114 regula
2049 2047 2114 2101 de

546 2149 691 2204 socio
749 2157 894 2204 extra
945 2149 1172 2204 domum
1235 2148 1504 2216 habendo,
1559 2148 1693 2202 fines
1744 2147 1812 2202 ab
1864 2147 2113 2202 Instituto

545 2250 883 2318 praescripti,
960 2257 1077 2304 tum
1154 2248 1439 2318 colloquiis
1513 2265 1636 2302 cum
1713 2247 1921 2315 alieniS,
1996 2255 2111 2302 tum

546 2351 787 2420 epistolis
849 2352 915 2406 ad
974 2351 1194 2406 eosdem
1255 2349 1580 2416 scribendis;
1640 2366 1863 2404 normae
1917 2348 2113 2403 consti-

543 2459 691 2507 tutae
735 2453 801 2507 de
846 2451 1164 2506 ministeriis
1210 2469 1333 2505 cum
1384 2449 1644 2519 proximis
1688 2450 1755 2505 ad
1806 2449 2111 2504 moderato-

543 2569 665 2607 rum
712 2553 1043 2607 voluntatem
1094 2559 1146 2606 et
1196 2553 1418 2607 ductum
1474 2549 1830 2618 suscipiendis
1879 2556 1932 2604 et
1980 2548 2110 2604 diri-

542 2652 732 2720 gendis
783 2671 791 2703 :
859 2653 991 2707 haec
1041 2652 1243 2720 omnia,
1297 2669 1487 2707 eorum
1537 2650 1759 2718 iudicio,
1817 2649 2108 2704 laudabilia

543 2760 667 2807 sunt
716 2761 768 2807 et
820 2752 1053 2807 maxime
1107 2751 1564 2817 commendanda;
1612 2768 1720 2805 non
1770 2749 1843 2804 ita
1904 2757 2103 2816 tamen,

541 2861 600 2907 ut
655 2853 721 2907 ab
777 2852 842 2906 iis
893 2853 1143 2907 recedere
1199 2853 1346 2907 nefas
1408 2852 1495 2920 sit,
1549 2868 1672 2905 cum
1733 2849 2105 2918 proximorum

542 2954 701 3008 saluti
781 2970 1128 3022 quocumque
1208 2954 1370 3008 modo
1450 2949 1820 3020 procurandae
1893 2950 2105 3004 obstare

545 3054 849 3108 videantur.
910 3054 1219 3121 Numquam
1282 3052 1427 3108 enim
1490 3059 1632 3106 recte
1693 3049 1920 3104 assecuti
1981 3057 2106 3103 sunt

541 3154 753 3223 sibique
798 3161 1200 3222 persuaserunt,
1243 3152 1432 3222 quanti
1475 3169 1536 3207 ea
1579 3150 1687 3206 sint
1729 3148 2010 3216 momenti,
2052 3157 2104 3204 et
