2315 3559
869 243 966 279 PER
992 257 1058 262 —
1086 243 1170 279 PIE
1693 228 1794 283 469

293 386 336 428 60
357 386 603 441 Sapientia,
628 386 725 429 fons
747 386 956 439 perennis
979 386 1120 429 omnis
1143 387 1383 440 sapientiae
1406 394 1579 430 creatae
1600 388 1651 439 (l,
1675 388 1791 441 312),

241 485 319 514 nec
351 471 437 514 falli
468 478 613 524 potest
642 471 690 523 (I,
720 470 785 520 31,
806 470 891 524 13),
928 485 1006 514 nec
1038 472 1080 515 in
1112 471 1345 525 malignam
1377 472 1564 514 animam
1596 473 1796 516 introibit

238 556 289 607 (l,
318 555 423 609 151).
458 556 671 607 Quantam
706 570 729 598 a
761 555 888 599 nobis
918 556 1204 600 attentionem
1236 562 1279 600 et
1308 556 1573 600 docilitatem
1605 558 1795 609 requirit

238 641 286 692 (Ι,
308 640 401 691 310,
423 640 519 694 311)
545 656 553 684 :
577 641 668 685 vid.
692 642 917 686 Attentio.

294 727 336 769 70
355 727 648 771 Pulchritudo
678 725 926 777 ineffabilis,
959 741 1087 780 quam
1122 728 1218 781 quis
1248 727 1536 771 considerans
1567 741 1653 771 non
1690 742 1796 772 con-

238 816 404 854 temnet
434 817 579 854 creata
603 811 747 854 onmia
768 811 818 863 (1,
842 811 937 865 311,
961 810 1094 863 312)Ῥ
1118 812 1397 865 speculantes
1429 812 1596 856 animas
1620 819 1794 857 nostras

237 896 289 939 ad
311 896 546 950 imaginem
569 910 691 940 suam
713 897 999 941 transformat
1020 898 1071 950 (I,
1097 898 1208 951 313).

291 982 335 1025 8⁰
355 982 569 1026 Suavitas
591 996 639 1025 ac
662 982 847 1026 dulcedo
869 983 918 1035 (I,
943 982 1054 1037 313),
1076 990 1246 1037 gustata
1277 983 1497 1037 quondam
1520 997 1544 1026 a
1566 983 1793 1027 psalmista

236 1067 409 1111 dicente
429 1082 438 1110 :
462 1068 608 1120 Quam
627 1067 780 1112 dulciti
797 1068 1010 1121 faucibus
1029 1070 1136 1112 meis
1152 1069 1331 1122 eloquia
1350 1071 1447 1122 tua,
1462 1081 1600 1122 super
1616 1070 1702 1112 mel
1722 1070 1796 1113 ori

234 1165 330 1197 meo
351 1153 402 1206 (I,
421 1153 487 1197 90.
512 1153 572 1197 Cf.
594 1155 624 1205 I,
649 1154 737 1204 156,
759 1155 864 1207 157),
886 1154 1174 1198 insatiabilem
1197 1155 1358 1198 famem
1383 1161 1578 1198 nostram
1602 1156 1793 1198 excitare

236 1238 367 1283 debet
387 1239 438 1293 (l,
461 1239 587 1293 314);
612 1246 654 1283 at
676 1254 761 1293 qua
784 1240 879 1293 lege
901 1240 950 1293 (l,
975 1239 1069 1290 253,
1093 1240 1190 1292 254)
1217 1255 1225 1283 :
1249 1239 1340 1284 vid.
1365 1240 1710 1296 Contemplatio.

290 1325 333 1368 90
361 1326 626 1381 Beniqmtas
656 1325 707 1378 (I,
740 1324 852 1377 282),
896 1326 1168 1369 Liberalitas
1199 1331 1241 1368 et
1270 1325 1585 1370 Munificentia
1626 1325 1793 1369 infinita

235 1412 284 1462 (Ι,
303 1411 346 1463 2)
369 1410 485 1453 Illius
508 1411 581 1463 qui
604 1410 708 1453 dare
731 1410 842 1453 solet
864 1411 980 1463 quod
1002 1410 1217 1463 praecipit
1238 1410 1289 1463 (1,
1313 1410 1408 1464 429,
1439 1409 1552 1464 430),
1583 1424 1791 1464 perseve-

235 1501 405 1538 rantem
454 1495 712 1549 petitionem
761 1495 927 1548 indicit,
970 1495 1232 1548 praesertim
1274 1495 1440 1548 gratiae
1481 1495 1792 1539 sanctificantis

235 1581 285 1633 (1,
310 1580 404 1631 314,
429 1580 526 1634 315)
553 1595 560 1623 :
585 1580 676 1624 vid.
702 1580 872 1625 Oratio.

294 1667 359 1709 100
387 1666 574 1710 Bonitas
619 1680 801 1718 summa,
835 1667 972 1710 Amor
1007 1665 1263 1716 immensus,
1293 1666 1559 1719 caritasque
1605 1672 1792 1719 paterna

232 1751 284 1805 (Ι,
306 1751 365 1804 2),
391 1765 502 1805 quae
524 1751 628 1795 nihil
650 1751 693 1794 in
716 1751 843 1794 nohis
865 1751 1046 1804 dignum
1068 1751 1250 1801 invenit,
1277 1751 1354 1795 sed
1375 1751 1582 1805 producit
1602 1751 1792 1794 amando

232 1838 281 1891 (Ι,
302 1837 415 1890 315),
438 1844 652 1891 perurget
673 1851 753 1881 nos
776 1838 954 1881 omnino
976 1843 1023 1880 ut
1043 1837 1095 1880 ad
1119 1837 1281 1881 amoris
1302 1837 1472 1891 proprii
1496 1837 1794 1881 mortificatio-

234 1937 333 1966 nem
356 1923 580 1976 divinique
613 1929 897 1976 augmentum
931 1922 1226 1966 accendamur
1246 1923 1297 1975 (Ι,
1321 1921 1433 1974 316),
1456 1928 1500 1966 et
1520 1922 1577 1965 ita
1598 1922 1642 1965 in
1666 1922 1793 1966 nobis

231 2008 395 2053 Caritas
436 2008 666 2052 ordinetur
704 2014 752 2052 ut
792 2008 909 2052 nulla
950 2008 990 2050 vi
1031 2022 1055 2051 a
1096 2007 1281 2051 Domino
1324 2008 1520 2062 separari
1569 2008 1792 2062 possimus

233 2096 286 2147 (1,
311 2094 405 2146 317,
431 2093 525 2137 318.
551 2094 620 2137 ΙΙΙ.
643 2093 858 2147 215-219).

288 2180 357 2222 110
387 2178 447 2222 ΕΟ
480 2178 597 2231 quod
630 2178 745 2221 Deus
776 2178 972 2234 Spiritus
1005 2185 1072 2222 est
1102 2184 1145 2222 et
1173 2179 1280 2222 Vita
1309 2178 1480 2222 animae
1510 2179 1560 2230 (I,
1593 2177 1691 2231 319)
1716 2178 1791 2221 :in

233 2264 332 2317 Ipso
369 2264 485 2307 enim
522 2263 723 2315 vivimus,
757 2277 988 2306 movemur
1018 2270 1061 2307 et
1091 2278 1242 2307 sumus
1273 2264 1324 2316 (Ι,
1350 2262 1445 2316 156)
1481 2277 1489 2306 :
1523 2263 1680 2306 merito
1712 2277 1792 2307 nos

233 2348 497 2401 constringit
516 2354 565 2391 ut
584 2354 674 2390 tota
696 2348 783 2391 vita
805 2353 953 2391 nostra
977 2348 1036 2390 Illi
1063 2348 1116 2391 sit
1137 2348 1188 2401 (l,
1207 2347 1301 2400 319,
1321 2347 1434 2401 320),
1454 2353 1496 2391 et
1513 2348 1791 2391 conversatio

234 2439 387 2477 nostra
408 2433 452 2476 in
471 2432 602 2476 caelis
623 2432 674 2485 (I,
700 2432 811 2485 132).

291 2519 357 2562 120
386 2519 579 2562 Tandem
600 2519 790 2562 utfinis
821 2532 871 2561 ac
903 2525 1103 2562 centrum
1136 2525 1315 2562 nostrae
1337 2518 1637 2572 beatitudinis,
1661 2518 1793 2572 exigit

232 2612 279 2649 ut
297 2611 447 2649 nostra
468 2605 611 2647 omnia
636 2604 677 2646 in
702 2604 822 2647 Illum
846 2604 1029 2648 tendant
1050 2605 1100 2657 (l.
1121 2603 1319 2657 320-323)
1345 2619 1353 2647 :
1378 2604 1466 2647 vicl.
1492 2605 1705 2649 Intentio.

286 2738 724 2782 PERSECUTIONES
747 2739 967 2782 Ecclesiae
989 2739 1079 2792 (Ill,
1105 2740 1201 2793 191)
1227 2755 1235 2782 :
1259 2740 1349 2783 vicl.
1373 2741 1586 2786 Ecclesia.

285 2824 631 2868 Persecutiones
653 2823 879 2867 Societatis
901 2824 992 2876 (Ill,
1015 2824 1113 2877 228)
1141 2839 1149 2868 :
1175 2825 1265 2868 rid.
1289 2826 1509 2870 Adversa.

285 2950 493 3003 PIETAS,
515 2950 638 2993 cuius
661 2950 832 2993 lirmum
864 2950 1197 2995 fundamentum
1230 2953 1486 3005 ponendum
1518 2959 1619 2996 ante
1651 2953 1793 2996 studia

232 3035 475 3078 litterarum
499 3035 549 3087 (I,
569 3034 638 3087 (3⁹2)
665 3049 673 3077 ι
701 3034 787 3078 ciel.
814 3035 941 3079 Iesus
960 3036 1181 3091 Christus,
1198 3038 1356 3091 Maria,
1375 3037 1541 3082 Oratio.
1565 3037 1791 3089 Quomodo

231 3121 448 3165 servanda
481 3121 520 3163 in
546 3121 778 3174 colloquiis
801 3121 852 3174 (l,
876 3121 969 3172 385,
986 3122 1080 3174 460,
1105 3123 1201 3176 461)
1227 3137 1236 3166 ;
1261 3123 1351 3167 vid.
1384 3124 1611 3168 Externus
1640 3125 1789 3168 homo.
