2315 3559
911 246 1011 285 om
1639 232 1733 287 461

182 394 349 439 Motore
371 393 646 448 coniungunt
665 393 716 446 (1,
739 392 806 445 64,
827 392 894 435 84.
914 390 975 435 Cf.
997 392 1047 444 ΙΙ,
1071 391 1165 444 252,
1190 392 1303 445 406),
1327 391 1443 437 inter
1465 406 1576 447 quae
1598 393 1741 438 media

179 487 401 534 tamquam
450 478 739 534 praecipuum
778 476 1005 521 recensuit
1044 476 1385 522 familiaritatem
1425 492 1525 522 cum
1566 477 1656 522 Deo
1697 479 1741 522 in

184 564 482 619 spiritualibus
506 562 727 608 exercitiis
749 563 821 616 (ΙΙ,
844 562 956 615 252).

237 651 407 695 Vocalis
445 649 586 694 oratio
622 662 711 693 non
748 648 909 693 sufficit
943 648 994 703 (Ι,
1032 649 1127 702 85);
1166 649 1243 693 sed
1267 649 1411 703 siqua
1445 649 1490 693 in
1525 648 1744 703 religione

183 735 385 780 mentalis
425 740 492 779 est
528 733 783 778 necessaria
819 734 870 787 (Ι,
909 734 979 787 86)
1014 734 1067 777 ad
1104 734 1372 778 edomandas
1407 733 1655 789 passiones,
1693 735 1745 778 ad

180 821 500 875 proficiendum
531 820 576 863 in
611 819 862 871 virtutibus,
898 819 951 862 ad
989 820 1218 864 fructuose
1254 819 1473 874 agendum
1509 833 1608 864 cum
1644 834 1746 874 pro-

184 906 299 949 ximo
323 912 365 950 et
388 905 441 949 ad
472 904 655 949 ferenda
688 918 803 958 quae
834 904 1063 948 toleranda
1095 910 1198 949 sunt
1227 904 1505 949 incommoda
1535 905 1584 958 (I,
1604 904 1744 948 82-84.

183 991 253 1042 ΙΙΙ,
272 991 339 1043 64,
365 990 503 1036 70-72.
528 990 589 1035 Cf.
616 991 645 1040 1,
666 990 752 1043 64),
775 1003 871 1034 eam
903 996 1025 1034 certe
1056 995 1255 1034 nostram
1287 1004 1386 1034 esse
1417 990 1666 1035 ostenditur
1694 1004 1747 1034 ex

181 1076 276 1130 ipsa
297 1075 485 1120 formula
507 1074 695 1119 instituti
717 1075 768 1128 (l,
794 1074 860 1118 86.
885 1074 946 1119 Cf.
973 1075 1024 1128 ΙΙ,
1047 1074 1145 1128 230)
1168 1074 1403 1129 specialem
1425 1075 1745 1130 perfectionem

183 1160 452 1214 requirentis
483 1159 555 1214 (ΙΙ,
580 1159 780 1204 244-250.
804 1160 864 1204 Cf.
890 1160 923 1213 Ι,
946 1159 1159 1213 364-379),
1180 1160 1233 1203 ad
1263 1174 1394 1214 quam
1425 1161 1746 1215 perfectionem

181 1245 418 1300 pervenire
449 1258 538 1289 non
568 1245 732 1299 poterit
762 1244 845 1288 nisi
868 1244 944 1299 qui
966 1244 1034 1288 vir
1055 1245 1268 1289 orationis
1302 1245 1445 1290 studio
1477 1245 1650 1290 deditus
1680 1252 1748 1291 est

182 1330 252 1383 (ΙΙ,
271 1330 365 1381 251,
380 1330 493 1384 252).
519 1330 629 1374 Huic
651 1330 793 1374 studio
816 1335 932 1374 totos
954 1343 1036 1374 nos
1059 1330 1223 1374 dedere
1246 1337 1424 1385 oportet
1438 1331 1510 1385 (ll,
1529 1330 1743 1388 253-255),

185 1429 272 1460 non
293 1416 424 1460 modo
446 1415 736 1470 probationis,
763 1415 840 1460 sed
863 1415 993 1459 etiam
1025 1415 1197 1469 reliquo
1220 1415 1334 1460 vitae
1364 1423 1566 1471 tempore
1587 1416 1637 1470 (l,
1657 1416 1742 1469 86).

238 1501 348 1545 Nihil
381 1501 559 1555 quidem
601 1500 704 1545 novi
738 1501 1034 1554 statuendum,
1071 1515 1225 1546 verum
1256 1501 1300 1545 in
1331 1502 1374 1546 id
1403 1502 1745 1547 incumbendum

185 1586 314 1631 unice
335 1592 383 1630 ut
404 1592 554 1631 exacte
576 1592 619 1630 et
641 1592 901 1630 constanter
923 1586 1195 1631 exsecutioni
1216 1587 1484 1631 mandentur
1511 1602 1624 1642 quae
1646 1601 1748 1632 con-

186 1672 383 1717 tinentur
420 1673 621 1717 Instituto
658 1678 814 1716 nostro
851 1672 922 1725 (ΙΙ,
958 1672 1068 1724 159).
1104 1673 1242 1717 Porro
1274 1673 1319 1717 in
1355 1673 1748 1719 Constitutionibus

189 1763 360 1812 tempus
390 1757 600 1802 limitatur
629 1758 924 1812 Scholasticis,
955 1771 1045 1802 non
1074 1758 1178 1802 item
1210 1758 1426 1803 Professis
1448 1765 1491 1803 et
1520 1759 1749 1804 Coadiuto-

187 1844 310 1888 ribus
343 1844 557 1897 formatis,
591 1858 643 1888 eo
675 1843 793 1898 quod
823 1843 906 1887 viri
938 1844 1116 1887 omnino
1155 1844 1405 1904 spirituales
1437 1851 1750 1900 supponuntur

188 1929 239 1982 (l,
262 1928 375 1982 249).
403 1928 687 1973 Postmodum
710 1943 817 1973 vero
839 1928 976 1983 Cong.
995 1927 1102 1973 Gen.
1123 1928 1176 1971 lV
1199 1928 1384 1983 singulis
1406 1930 1558 1974 horam
1579 1931 1748 1985 impen-

191 2014 379 2058 dendam
410 2014 597 2058 orationi
629 2014 825 2058 definivit
854 2015 905 2068 (Ι,
937 2014 1036 2069 250)
1068 2025 1077 2054 t
1113 2028 1225 2069 quae
1255 2015 1364 2059 hora
1394 2016 1532 2060 solida
1561 2016 1748 2060 debetur

190 2099 279 2143 Deo
300 2100 351 2154 (Ι,
375 2099 489 2153 437),
512 2106 556 2143 et
574 2106 623 2144 ut
651 2099 757 2144 nihil
787 2100 1043 2144 detrahatur
1070 2100 1300 2155 temporis,
1331 2101 1534 2145 laudatur
1563 2115 1746 2146 consue-

191 2184 296 2228 tudo
328 2184 533 2228 visitandi
564 2184 897 2229 Sanctissimum
928 2191 1029 2229 ante
1060 2198 1294 2230 commune
1324 2185 1497 2240 signum
1528 2186 1598 2240 (II,
1632 2187 1744 2240 162).

192 2269 485 2313 Meditationis
516 2269 703 2313 materia
732 2275 1011 2324 proponatur
1054 2269 1214 2314 cotidie
1252 2269 1477 2315 Fratribus
1522 2271 1750 2316 Coadiuto-

193 2353 314 2397 ribus
337 2360 380 2398 et
399 2353 474 2397 ubi
504 2368 600 2398 mos
622 2361 690 2399 est
719 2355 970 2398 Iunioribus
1001 2355 1072 2409 (ΙΙ,
1097 2355 1209 2407 161).
1235 2355 1459 2400 Provectis
1489 2362 1633 2400 autem
1664 2370 1746 2400 nec

194 2439 349 2483 modus
373 2453 453 2483 nec
474 2440 658 2483 materia
679 2439 885 2484 videntur
914 2440 1262 2494 praescribenda
1283 2440 1334 2495 (I,
1356 2440 1469 2495 251).
1494 2441 1582 2485 Nec
1609 2441 1748 2496 impo-

196 2526 355 2579 nenda,
379 2539 460 2570 nec
481 2526 786 2570 interdicenda
807 2527 1118 2581 contemplatio
1149 2527 1461 2582 mysteriorum
1484 2528 1744 2581 Divinitatis‚

192 2611 322 2655 modo
355 2625 410 2655 ne
442 2611 539 2665 quis
576 2611 884 2666 imprudenter
912 2625 964 2656 ea
992 2618 1140 2657 utatur
1168 2613 1219 2667 (I,
1251 2612 1347 2666 251,
1377 2613 1491 2667 252).
1524 2614 1600 2659 Est
1629 2615 1745 2659 enim

194 2703 450 2741 sanctorum
508 2697 682 2741 Patrum
742 2698 1013 2751 experientia
1061 2698 1362 2753 comprobata,
1412 2705 1456 2744 et
1502 2700 1749 2754 prudenter

192 2782 399 2837 usurpari
419 2783 583 2837 poterit
603 2783 755 2827 saltem
783 2783 943 2837 triplici
962 2784 1093 2828 modo
1116 2784 1168 2838 (Ι,
1185 2784 1405 2838 252-254);
1431 2786 1508 2830 sed
1525 2792 1568 2830 et
1582 2785 1746 2840 impru-

198 2869 307 2912 dens
329 2882 428 2912 esse
449 2874 596 2922 potest
610 2869 662 2922 (Ι,
680 2868 794 2923 251),
812 2869 1074 2923 praesertim
1096 2869 1141 2914 in
1162 2870 1473 2925 Superioribus
1488 2872 1560 2926 (ll,
1580 2873 1691 2925 170),
1711 2872 1746 2916 si

193 2967 300 3008 prae
322 2953 596 2997 internorum
631 2953 921 2998 sollicitudine
949 2960 1232 2999 externorum
1262 2956 1584 3010 providentiam
1615 2957 1747 3001 relin-

195 3044 332 3093 quant
351 3038 402 3090 (Ι,
420 3038 534 3090 256).
556 3038 792 3083 Plurimum
814 3040 928 3083 enim
951 3040 1188 3085 discrimen
1209 3041 1326 3085 inter
1344 3041 1455 3086 meri
1476 3043 1747 3098 contempla-

195 3123 270 3167 tivi
293 3128 336 3167 et
356 3122 487 3167 unius
510 3137 532 3167 e
556 3124 720 3168 nostris
753 3124 906 3168 orandi
938 3125 1153 3170 rationem
1184 3126 1419 3171 intercedit
1438 3126 1489 3182 (l,
1511 3127 1607 3181 255,
1628 3127 1742 3181 256).

250 3208 472 3253 Orationis
496 3214 606 3252 stata
626 3209 721 3253 iura
743 3215 786 3254 et
806 3215 1005 3264 tempora
1033 3218 1269 3256 serventur
1299 3212 1427 3256 etiam
1449 3212 1493 3256 in
1514 3213 1745 3259 itineribus
