2315 3559
386 219 452 255 DE
490 217 654 254 CL'LTL'
694 217 765 252 ὃς.
802 215 985 252 CORDIS
1024 215 1140 252 IESL‘
1183 215 1528 253 PROVEHENDO
1637 200 1724 252 'llll

180 379 358 426 cuum,
391 360 817 428 redemptionem
857 367 1095 412 nostram
1130 358 1329 412 amoris
1361 358 1537 411 Divini
1577 367 1624 411 ct
1653 379 1736 410 va-

182 460 351 514 ritatis
373 477 484 513 esse
513 461 764 521 fructum,
791 459 1015 511 candem
1042 474 1224 511 sacrae
1246 457 1452 511 litterae
1480 456 1734 524 peculiari

180 560 412 626 quadam
451 557 656 610 ratione
696 556 771 609 illi
812 556 1053 609 tribuunt
1095 573 1371 622 personae,
1400 572 1537 622 quae
1566 554 1734 608 Patris

178 665 227 711 et
283 656 400 709 Filii
458 656 600 709 idem
665 657 819 723 plane
880 673 937 708 ac
998 673 1093 722 par
1142 654 1382 708 caritatis
1434 662 1512 708 est
1561 671 1731 715 amor,

178 772 423 823 quaeque
469 772 496 808 a
544 755 696 808 Patre
741 762 789 807 et
838 754 969 808 Filio
1016 754 1308 821 procedens
1346 752 1645 819 genitorem
1687 762 1732 806 ct

175 853 416 920 genitum
455 861 671 907 aeterno
699 861 860 920 atque
889 851 1246 906 indissolubili
1277 852 1489 905 vinculo
1517 851 1656 905 inter
1683 871 1736 905 se

175 951 468 1017 coniungit.

244 1050 472 1104 Evidens
500 1050 666 1116 igitur
692 1057 788 1114 est,
821 1049 1214 1103 humanitatem
1243 1048 1440 1102 Christi
1469 1048 1738 1103 sanctissi-

177 1166 320 1202 mam
375 1167 432 1202 ac
496 1148 720 1216 proinde
770 1148 870 1202 Cor
923 1148 1038 1201 lesu
1100 1147 1481 1200 suavissimum
1533 1148 1734 1201 fructus

176 1246 344 1300 divini
367 1247 566 1300 amoris
589 1264 702 1300 esse
725 1245 969 1300 dicenda.

245 1345 377 1409 Quid
420 1345 649 1413 amplius
695 1345 878 1398 deesse
917 1343 1130 1412 poterit,
1169 1351 1225 1396 ut
1263 1343 1363 1397 Cor
1404 1344 1519 1396 lesu
1564 1342 1734 1396 divini

174 1444 373 1498 amoris
435 1445 735 1512 symbolum
792 1461 906 1497 esse
956 1443 1345 1509 intellegatur?
1397 1442 1542 1495 Hanc
1597 1459 1735 1509 sym-

174 1542 283 1596 boli
327 1543 590 1596 rationem
635 1560 757 1595 cum
801 1541 997 1596 Christi
1044 1541 1257 1595 Domini
1306 1542 1569 1605 voluntas,
1617 1549 1733 1594 tum

175 1659 355 1695 sacrae
383 1641 607 1706 litterae,
640 1650 754 1694 tum
787 1657 909 1694 vero
937 1639 1285 1693 sacratissimi
1312 1639 1497 1694 Cordis
1539 1639 1735 1707 princi-

176 1739 326 1807 pium
348 1748 398 1793 et
426 1739 578 1806 origo
601 1746 882 1793 testantur.

244 1839 393 1892 Hunc
433 1856 577 1904 vere,
619 1856 648 1891 a
692 1855 799 1906 quo
839 1845 1017 1891 ortum
1057 1846 1152 1901 est,
1195 1854 1438 1890 amorem
1477 1836 1577 1891 Cor
1618 1838 1733 1890 lesu

176 1938 468 1992 continuat.
510 1940 551 1991 A
590 1937 774 1991 divino
809 1954 993 1991 amore
1024 1937 1202 2002 habet,
1238 1944 1295 1989 ut
1322 1936 1560 2001 exsistat;
1594 1937 1731 1990 hunc

175 2045 416 2090 sanctum
456 2054 697 2090 amorem
736 2053 946 2089 summa
980 2035 1263 2089 hominum
1291 2035 1522 2089 utilitate
1548 2053 1735 2104 perpe-

174 2143 304 2203 tuat,
319 2154 494 2204 neque
513 2153 775 2204 umquam
796 2138 1023 2201 flagrare
1046 2134 1204 2189 desiit
1224 2134 1508 2188 hominum
1527 2152 1648 2188 amo
1658 2152 1728 2188 re.

242 2234 400 2288 Cuius
440 2242 549 2288 tam
587 2233 850 2300 benignae
877 2251 1004 2299 erga
1030 2249 1125 2286 nos
1155 2232 1441 2286 voluntatis
1470 2240 1546 2286 tot
1574 2240 1731 2286 testes

174 2332 228 2386 in
266 2333 351 2387 SS.
393 2333 563 2388 Corde
609 2333 724 2387 Iesu
767 2348 1135 2397 numeramus,
1173 2338 1304 2398 quot
1341 2338 1464 2383 sunt
1497 2330 1731 2385 actiones

177 2431 295 2485 Filii
333 2431 588 2497 hominis,
614 2439 747 2499 quot
772 2439 939 2498 gesta,
969 2437 1101 2498 quot
1128 2430 1340 2483 dolores
1367 2436 1418 2482 et
1444 2428 1728 2495 cruciatus,

175 2530 268 2598 qui
302 2529 556 2598 peculiari
595 2530 830 2597 quadam
868 2528 1187 2595 cognatione
1214 2528 1286 2582 ad*
1308 2544 1399 2581 cor
1427 2529 1734 2581 referuntur

175 2636 335 2696 atque
368 2646 430 2682 ex
462 2628 653 2682 eodem
688 2634 955 2680 emanant.
985 2625 1151 2680 Testis
1180 2626 1392 2691 Iudaea,
1424 2643 1587 2694 quam
1616 2643 1733 2693 per-

176 2725 388 2779 transiit
418 2725 798 2779 benesaciendo
832 2724 994 2778 Filius
1023 2724 1143 2789 Dei;
1177 2731 1333 2778 testes
1361 2741 1513 2778 mons
1541 2723 1731 2777 Oliveti

177 2833 228 2878 et
271 2824 566 2889 Calvariae;
616 2831 772 2878 testes
824 2823 1140 2887 tribunalia;
1190 2830 1347 2877 testes
1397 2830 1729 2876 accusatores

178 2923 314 2989 falsi,
344 2922 628 2988 derisores,
660 2939 997 2990 percussores
1014 2940 1026 2987 ;
1057 2929 1216 2976 testes
1244 2921 1446 2976 iudices
1473 2921 1653 2987 ignavi
1683 2930 1730 2974 et

177 3020 378 3088 iniqui;
426 3020 574 3075 testis
619 3019 979 3074 multitudinis
1024 3021 1192 3085 furor,
1238 3019 1387 3073 testis
1432 3019 1726 3078 Barahbas;

178 3127 336 3173 testes
358 3119 590 3186 denique
612 3127 752 3172 terra
774 3127 1025 3184 tremens,
1051 3127 1232 3186 petrae
1254 3118 1464 3183 scissae,
1484 3134 1650 3185 pavor
1671 3134 1728 3169 ac

1819 1812 1916 1864 quia
1937 1812 2050 1854 'nunc

1843 1880 2038 1927 aniorent

1807 1927 2076 1964 conunuat:

1845 2427 2033 2480 agendo,

1832 2727 2053 2779 panendo,
