2315 3559
304 209 368 245 DE
395 208 472 244 ssss.
505 206 629 243 EDM.
661 205 909 243 murt-xm
939 205 1000 241 ET
1027 204 1288 242 soclonml
1319 204 1579 241 MARTYmo
1652 188 1718 242 83

164 350 514 406 exsecutionis
569 350 801 415 regulae,
855 366 961 402 non
1021 347 1403 415 perfectionem
1460 347 1715 413 postulari

165 455 480 513 assererent,
523 456 579 500 ut
617 447 840 500 dubium
880 463 1038 499 omne
1076 446 1311 510 tollatur,
1342 444 1424 497 his
1460 462 1558 509 ego
1596 461 1717 497 cum

164 548 214 602 S.
245 548 445 600 Thoma
483 546 780 613 respondeo
812 563 821 597 :
855 559 879 591 (‹
910 544 1223 609 Dicendum,
1264 544 1407 609 quod
1448 542 1717 595 inchoatio

168 666 192 698 1)
233 654 283 699 et
332 652 681 711 augmentum
731 660 836 696 non
888 642 1166 709 quaeritur
1220 649 1440 708 propter
1495 658 1567 706 se,
1627 642 1716 694 sed
1789 651 2057 722 Μὲξῐὲξῑῖξε,

166 764 191 795 s)
232 750 450 811 propter
488 741 889 809 perfectionem.
938 760 962 792 )>

231 842 315 895 51.
358 842 591 906 Regulae
653 841 719 894 de
787 839 930 892 socio
1002 855 1182 892 secum
1244 838 1523 891 retinendo
1585 836 1718 890 aliae

164 941 347 993 affines
386 947 508 992 sunt
546 939 778 1004 regulae,
827 937 880 990 in
925 937 1120 1004 quibus
1165 935 1515 1003 exsequendis
1559 934 1721 1002 Supe-

166 1039 333 1092 riores
372 1037 591 1091 iuvandi
631 1044 769 1089 sunt.
810 1036 880 1088 Ex
918 1043 1227 1088 nostrorum
1266 1035 1408 1088 enim
1448 1035 1719 1087 voluntate

165 1136 526 1202 maximopere
570 1135 784 1202 pendet,
828 1141 884 1186 ut
922 1151 1013 1187 eae
1051 1132 1156 1185 sint
1194 1133 1387 1185 salvae.
1436 1131 1723 1198 Septuage-

163 1236 299 1289 sima
337 1236 520 1301 regula
547 1233 786 1287 Hectoris
815 1234 944 1286 haec
980 1239 1092 1285 est:
1125 1246 1151 1278 «ξ
1182 1231 1426 1284 Mulieres
1465 1231 1714 1296 invisere,
1786 1232 2078 1331 iiiilbiissffiiigss-

166 1353 190 1385 u)
231 1342 321 1387 aut
359 1334 424 1386 ad
464 1350 550 1386 eas
590 1332 840 1395 scrihere,
883 1330 984 1383 nisi
1024 1330 1078 1382 in
1116 1330 1429 1383 necessitate
1468 1337 1558 1382 aut
1596 1346 1718 1382 cum
1767 1356 1939 1393 norum,
1963 1324 2092 1386 ⁴stri·

166 1452 190 1485 1)
232 1450 323 1500 spe
375 1432 563 1499 rnafflzz'
606 1432 826 1495 fructus,
875 1430 1094 1482 Nostros
1146 1446 1252 1482 non
1302 1428 1441 1481 sinat
1488 1446 1498 1480 ε
1547 1445 1719 1495 116([116
1831 1396 2028 1504 effigtffis

167 1550 191 1583 )>
232 1532 331 1585 1106
377 1531 597 1598 quidem
642 1529 934 1596 permittat,
978 1528 1078 1581 nisi
1124 1527 1252 1580 viris
1292 1528 1445 1581 valde
1483 1528 1721 1594 probatis
1786 1505 2076 1555 etClausurffi

167 1648 193 1681 ))
234 1637 284 1682 et
334 1628 704 1696 prudentibus.
763 1647 787 1679 ))
841 1627 1043 1693 Regula
1095 1626 1269 1693 prima
1327 1626 1721 1693 septuagesima

166 1729 266 1782 hoc
311 1727 495 1780 statuit
543 1745 552 1779 :
602 1740 627 1774 «
674 1727 790 1779 Non
836 1725 1110 1793 permittat
1153 1725 1378 1778 feminas
1429 1725 1723 1792 Collegium

169 1846 194 1879 ³)
235 1834 478 1880 nostrum
505 1825 734 1892 ingredi.
764 1844 787 1877 ))
812 1825 1014 1890 Regula
1040 1824 1273 1891 denique
1299 1832 1491 1890 quarta
1517 1832 1727 1891 septua-

163 1926 370 1992 gesima
425 1925 497 1978 ita
552 1924 681 1978 dicit
734 1942 743 1976 :
809 1938 834 1971 <(
898 1924 1014 1977 Non
1076 1923 1368 1990 permittat,
1433 1932 1491 1976 ut
1545 1924 1725 1977 Nostri

170 2044 194 2077 ))
234 2025 413 2078 cibum
463 2023 674 2091 capiant
723 2024 863 2090 apud
915 2030 1176 2089 externos,
1224 2031 1315 2076 aut
1363 2023 1429 2076 ab
1473 2023 1556 2089 iis,
1603 2042 1725 2077 cum

170 2142 195 2175 ))
235 2130 532 2188 aegrotant,
558 2121 858 2186 visitentur,
883 2121 985 2174 nisi
1007 2138 1165 2174 causa
1185 2139 1292 2175 non
1314 2121 1443 2175 levis
1466 2122 1723 2175 momenti

171 2241 196 2273 1)
236 2223 301 2275 ad
341 2221 394 2274 id
434 2221 835 2274 concedendum
881 2228 1138 2274 moveret.
1184 2240 1209 2273 ))
1257 2222 1314 2274 111
1354 2221 1436 2273 his
1476 2221 1724 2274 omnibus

169 2339 275 2375 non
314 2321 604 2388 petendum
650 2328 728 2373 est
777 2338 805 2373 a
850 2319 1144 2386 superiore,
1186 2328 1245 2372 ut
1293 2320 1406 2387 ipse
1450 2320 1722 2387 permittat

168 2420 313 2487 quod
353 2420 537 2485 regula
582 2418 847 2485 prohibet,
890 2418 980 2471 sed
1026 2419 1203 2486 potius
1247 2436 1369 2472 cum
1414 2436 1475 2472 eo
1518 2419 1728 2486 conspi-

170 2519 418 2583 randum,
471 2525 529 2570 ut
578 2518 762 2583 regula
811 2517 876 2570 ad
928 2516 1018 2570 Dei
1078 2518 1407 2570 voluntatem
1463 2525 1721 2570 servetur.

170 2617 351 2671 Clarae
401 2624 580 2670 autem
625 2623 676 2669 et
719 2616 788 2669 ita
836 2616 1146 2683 perspicuae
1185 2617 1284 2669 hae
1323 2617 1539 2682 regulae
1582 2624 1722 2681 sunt,

171 2726 229 2771 ut
272 2717 398 2785 quid
451 2715 613 2769 velint
650 2715 852 2769 nemini
897 2715 1121 2769 dubium
1172 2733 1286 2769 esse
1335 2716 1520 2783 possit.
1564 2716 1625 2768 Et
1670 2724 1725 2768 ut

170 2816 347 2869 dicam
374 2817 440 2869 de
466 2815 722 2882 epistolis,
754 2832 899 2868 raras
927 2833 1014 2868 eas
1042 2832 1155 2868 esse
1181 2816 1375 2868 debere
1402 2816 1467 2868 ad
1502 2815 1723 2868 seminas

173 2916 390 2982 planum
442 2922 519 2968 est
536 2933 548 2979 3
596 2914 661 2967 ad
701 2914 959 2967 moniales
1005 2931 1131 2967 vero
1182 2914 1502 2967 rarissimas.
1557 2914 1723 2976 Quam

173 3013 491 3067 sententiam
535 3012 824 3079 Nigronius
863 3020 1043 3066 noster
1081 3013 1249 3066 multo
1289 3012 1450 3066 etiam
1490 3012 1723 3066 severius
1810 3033 2066 3065 masmim.

1828 3084 1860 3105 c.
1884 3074 1929 3104 11.
1944 3082 1983 3104 n.
2000 3076 2052 3104 ΔΟ.

173 3111 246 3165 ita
290 3112 532 3165 enuntiat
578 3130 588 3164 z
638 3125 663 3158 «
705 3111 839 3182 Illud
885 3119 963 3165 est
1005 3119 1249 3165 accurate
1299 3112 1727 3165 animadverten-
