2315 3559
562 192 630 247 84
800 211 1050 250 EPISTOLA
1087 213 1304 251 ANTONII
1346 214 1542 252 MARIAE
1579 214 1887 252 ANDERLEDY

565 372 590 405 1)
630 354 780 423 dum,
834 375 863 410 a
914 357 1181 423 Magistris
1233 358 1602 426 spiritualibus
1649 377 1743 413 nos
1789 360 2016 426 moneri,
2070 369 2127 414 ut

564 455 879 521 »quamvis
938 457 1005 510 ab
1059 458 1303 510 omnium
1367 457 1713 511 muliebrium
1777 458 2125 525 epistolarum

564 572 588 603 1)
628 555 956 609 commercio
984 555 1139 609 nobis
1166 556 1547 610 abstinendum
1580 557 1673 622 sit,
1715 565 1893 610 tamen
1923 557 1974 610 id
2004 574 2125 610 eum

562 671 587 705 1)
629 654 954 708 monialibus
981 656 1267 723 praecipue
1289 674 1346 709 ae
1370 655 1783 722 diligentissime
1811 664 2070 710 servetur.
2099 675 2124 708 ))

578 753 813 807 'tationes
864 771 991 808 vero
1047 772 1153 808 non
1216 754 1486 808 scribendi
1543 755 1868 808 monialibus
1924 756 2127 822 profert

557 852 905 917 gravissimas
933 870 993 907 ex
1019 862 1329 907 sanctorum
1365 853 1608 907 virorum
1636 854 1792 908 dietis
1833 855 1913 907 vel
1953 872 2128 908 exem-

558 952 644 1019 plo
673 952 884 1019 petitas
918 952 1211 1019 Praecipua
1249 961 1345 1019 est,
1389 953 1532 1020 quod
1574 953 1726 1006 facile
1765 953 2020 1020 epistolae
2059 954 2123 1007 ad

556 1051 980 1104 familiaritatem
1025 1051 1256 1105 invitant
1299 1060 1351 1105 et
1400 1052 1464 1105 ad
1518 1053 1656 1106 dona
1708 1060 1759 1105 et
1808 1054 2124 1106 munuscula

555 1150 732 1203 danda
771 1151 853 1203 vel
893 1150 1225 1218 accipienda,
1267 1159 1429 1218 atque
1469 1150 1542 1204 ita
1581 1151 1841 1218 paulatim
1880 1160 2123 1206 sanetum

193 1266 487 1341 praglngpot.
555 1250 706 1303 illum
765 1250 1018 1303 minuunt
1073 1267 1336 1317 amorem,
1385 1251 1477 1318 qui
1524 1251 1945 1305 instrumentum
2001 1270 2124 1305 eum

285 1331 293 1340 ’
354 1332 425 1341 ..-.
554 1349 661 1402 Deo
688 1349 1017 1415 coniungere
1044 1350 1220 1403 debet.
1253 1348 1397 1412 Quae
1432 1350 1671 1403 cavenda
1710 1349 1764 1402 in
1804 1367 1864 1403 ea
1902 1367 1959 1404 re
1998 1351 2121 1417 sint,

554 1448 603 1502 S.
660 1449 1019 1517 Hieronymus
1070 1449 1153 1502 his
1205 1449 1384 1502 verbis
1435 1457 1716 1502 enumerat
1774 1466 1784 1502 :
1845 1464 1870 1496 «
1929 1448 2123 1503 Crebra

563 1567 581 1597 o
623 1549 941 1601 munuscula
969 1557 1021 1602 et
1053 1548 1327 1602 sudariola
1367 1556 1419 1601 et
1458 1547 1700 1601 l‘aseiolas
1742 1555 1793 1601 et
1833 1555 2003 1601 vestes
2042 1548 2122 1601 ori

556 1667 582 1700 1)
622 1647 903 1715 applicitas
950 1656 1001 1701 et
1044 1647 1251 1701 oblatos
1297 1665 1355 1700 ae
1401 1648 1713 1713 degustatos
1762 1646 1929 1714 eihoe,
1976 1647 2125 1700 blan-

562 1767 582 1797 »
623 1748 827 1814 dasque
871 1765 930 1801 ae
982 1748 1162 1802 dulres
1220 1747 1482 1801 litterulas
1539 1755 1751 1800 sanetus
1807 1764 1961 1800 amor
2016 1763 2121 1800 non

557 1865 581 1895 1)
622 1846 801 1900 habet.
849 1866 873 1899 »
917 1847 1056 1900 llaec
1098 1846 1149 1899 in
1197 1846 1450 1900 societate
1495 1863 1601 1899 non
1646 1845 1907 1912 accidere,
1956 1846 2121 1913 probe

553 1945 705 2009 novi;
754 1946 1041 1999 indicanda
1086 1954 1266 2000 'tamen
1313 1945 1516 2013 putavi,
1559 1951 1619 1998 ut
1663 1945 1944 1999 innuerem
1984 1946 2124 2013 peri—

551 2046 687 2099 cula.
730 2047 806 2099 Ad
854 2064 968 2100 rem
1014 2046 1305 2112 Nigronius
1348 2064 1358 2099 :
1415 2060 1440 2093 «
1488 2045 1678 2109 Didici,
1725 2045 1817 2112 ait,
1866 2046 2119 2112 equidem

558 2165 580 2197 ))
620 2146 795 2200 alieno
836 2147 977 2199 malo
1017 2146 1349 2212 adulescens,
1399 2163 1563 2212 quam
1609 2145 1677 2198 sit
1724 2145 1977 2211 mundus,
2026 2145 2119 2212 qui

559 2266 580 2295 1)
622 2246 841 2313 positus
868 2254 947 2299 est
986 2246 1039 2299 in
1079 2245 1338 2312 maligno,
1369 2262 1572 2312 pronus
1612 2263 1669 2298 ae
1710 2244 1878 2298 facilis
1906 2245 1968 2298 ad
2001 2244 2122 2298 reli-

556 2365 580 2398 »
621 2345 901 2411 giosorum
941 2345 1164 2411 litteras,
1207 2344 1525 2397 mulieribus
1571 2344 1813 2411 s‹1eriptaS,
1862 2344 2122 2411 interpre-

560 2463 580 2495 ›>
620 2445 822 2498 tatione
861 2444 1076 2498 sinistra
1115 2444 1169 2497 in
1197 2443 1518 2497 deteriorem
1562 2453 1768 2510 partem
1797 2443 2120 2510 detorquen-

560 2562 581 2595 1)
622 2543 735 2596 das.
771 2562 796 2595 ))

624 2642 888 2708 Equidem
939 2642 1004 2695 de
1055 2641 1138 2694 his
1195 2641 1245 2694 id
1306 2642 1498 2707 solum,
1563 2641 1709 2707 quod
1766 2642 1882 2707 lege
1937 2649 2118 2694 nostra

553 2740 817 2794 sancitum
856 2749 952 2808 est,
983 2758 1011 2794 a
1039 2740 1209 2807 vobiS,
1241 2740 1540 2794 Reverendi
1581 2740 1760 2794 Patres
1800 2740 2119 2806 Fratresque

553 2840 838 2906 Carissimi‚
893 2840 945 2893 id
998 2841 1192 2905 solum,
1246 2840 1388 2907 quod
1443 2856 1661 2906 poscere
1718 2840 1906 2906 debeo,
1954 2839 2114 2892 etiam

553 2949 714 3007 atque
759 2940 921 2993 etiam
966 2939 1196 3007 postulo,

626 3041 681 3093 ln
727 3041 825 3093 hoe
872 3039 1113 3107 quidem,
1162 3038 1303 3105 quod
1353 3038 1549 3106 agitur,
1597 3045 1935 3105 argumento,
1978 3053 2115 3103 quae

555 3140 622 3192 sit
667 3139 759 3193 llei
808 3140 1070 3204 voluntas,
1118 3136 1279 3191 etiam
1325 3138 1509 3203 regula
1554 3135 2112 3203 undequadragesima
