<?xml version="1.0" encoding="UTF-8"?>
<!DOCTYPE html PUBLIC "-//W3C//DTD XHTML 1.0 Transitional//EN"
    "http://www.w3.org/TR/xhtml1/DTD/xhtml1-transitional.dtd">
<html xmlns="http://www.w3.org/1999/xhtml" xml:lang="en" lang="en">
 <head>
  <title>
</title>
<meta http-equiv="Content-Type" content="text/html;charset=utf-8" />
  <meta name='ocr-system' content='tesseract 3.04.00' />
  <meta name='ocr-capabilities' content='ocr_page ocr_carea ocr_par ocr_line ocrx_word'/>
</head>
<body>
  <div class='ocr_page' id='page_1' title='image "./epistolaepraepos04jesu_0208.png"; bbox 0 0 2315 3559; ppageno 0'>
   <div class='ocr_carea' id='block_1_1' title="bbox 579 223 1970 280">
    <p class='ocr_par' dir='ltr' id='par_1_1' title="bbox 579 223 1970 280">
     <span class='ocr_line' id='line_1_1' title="bbox 579 223 1970 280; baseline 0.001 -3"><span class='ocrx_word' id='word_1_1' title='bbox 579 223 680 278; x_wconf 71' lang='grc'>196</span> <span class='ocrx_word' id='word_1_2' title='bbox 752 240 1002 280; x_wconf 86' lang='lat' dir='ltr'><strong>EPISTOLA</strong></span> <span class='ocrx_word' id='word_1_3' title='bbox 1040 241 1088 280; x_wconf 90' lang='lat' dir='ltr'>R.</span> <span class='ocrx_word' id='word_1_4' title='bbox 1134 241 1179 279; x_wconf 87' lang='lat' dir='ltr'>P.</span> <span class='ocrx_word' id='word_1_5' title='bbox 1223 241 1274 279; x_wconf 78' lang='lat' dir='ltr'>N.</span> <span class='ocrx_word' id='word_1_6' title='bbox 1317 242 1436 280; x_wconf 82' lang='lat' dir='ltr'><strong>ANT.</strong></span> <span class='ocrx_word' id='word_1_7' title='bbox 1486 241 1609 279; x_wconf 75' lang='lat' dir='ltr'><strong>MAR.</strong></span> <span class='ocrx_word' id='word_1_8' title='bbox 1663 241 1970 279; x_wconf 78' lang='lat' dir='ltr'>ANDERLEDY</span> 
     </span>
    </p>
   </div>
   <div class='ocr_carea' id='block_1_2' title="bbox 205 385 2151 3063">
    <p class='ocr_par' dir='ltr' id='par_1_2' title="bbox 580 385 2148 454">
     <span class='ocr_line' id='line_1_2' title="bbox 580 385 2148 454; baseline -0.001 -13"><span class='ocrx_word' id='word_1_9' title='bbox 580 385 885 441; x_wconf 81' lang='lat' dir='ltr'>addiximus</span> <span class='ocrx_word' id='word_1_10' title='bbox 931 394 982 441; x_wconf 88' lang='lat' dir='ltr'>et</span> <span class='ocrx_word' id='word_1_11' title='bbox 1020 404 1259 454; x_wconf 89' lang='lat' dir='ltr'>operam.</span> <span class='ocrx_word' id='word_1_12' title='bbox 1306 387 1559 441; x_wconf 77' lang='lat' dir='ltr'><em>Gratiam</em></span> <span class='ocrx_word' id='word_1_13' title='bbox 1609 394 1790 441; x_wconf 89' lang='lat' dir='ltr'>autem</span> <span class='ocrx_word' id='word_1_14' title='bbox 1827 392 1877 441; x_wconf 90' lang='lat' dir='ltr'>et</span> <span class='ocrx_word' id='word_1_15' title='bbox 1911 386 2148 454; x_wconf 63' lang='lat' dir='ltr'>gloriam</span> 
     </span>
    </p>

    <p class='ocr_par' dir='ltr' id='par_1_3' title="bbox 273 486 2149 555">
     <span class='ocr_line' id='line_1_3' title="bbox 273 486 2149 555; baseline -0.001 -13"><span class='ocrx_word' id='word_1_16' title='bbox 273 502 469 540; x_wconf 82' lang='lat' dir='ltr'>Ps-83‚12·</span> <span class='ocrx_word' id='word_1_17' title='bbox 580 489 732 542; x_wconf 78' lang='lat' dir='ltr'>dabit</span> <span class='ocrx_word' id='word_1_18' title='bbox 796 488 1084 542; x_wconf 73' lang='lat' dir='ltr'>Dominus.</span> <span class='ocrx_word' id='word_1_19' title='bbox 1151 488 1214 541; x_wconf 83' lang='lat' dir='ltr'>Et</span> <span class='ocrx_word' id='word_1_20' title='bbox 1268 504 1396 541; x_wconf 88' lang='lat' dir='ltr'>vero</span> <span class='ocrx_word' id='word_1_21' title='bbox 1458 505 1622 555; x_wconf 87' lang='lat' dir='ltr'>quam</span> <span class='ocrx_word' id='word_1_22' title='bbox 1678 486 1944 554; x_wconf 77' lang='lat' dir='ltr'>gloriam!</span> <span class='ocrx_word' id='word_1_23' title='bbox 2001 486 2149 541; x_wconf 83' lang='lat' dir='ltr'>Vidit</span> 
     </span>
    </p>

    <p class='ocr_par' dir='ltr' id='par_1_4' title="bbox 581 585 2147 656">
     <span class='ocr_line' id='line_1_4' title="bbox 581 585 2147 656; baseline -0.002 -14"><span class='ocrx_word' id='word_1_24' title='bbox 581 587 874 656; x_wconf 87' lang='lat' dir='ltr'>aliquando</span> <span class='ocrx_word' id='word_1_25' title='bbox 914 586 1411 655; x_wconf 80' lang='lat' dir='ltr'>splendidissimam</span> <span class='ocrx_word' id='word_1_26' title='bbox 1449 588 1623 642; x_wconf 85' lang='lat' dir='ltr'>lucem</span> <span class='ocrx_word' id='word_1_27' title='bbox 1662 586 1712 642; x_wconf 83' lang='lat' dir='ltr'>S.</span> <span class='ocrx_word' id='word_1_28' title='bbox 1748 587 2053 654; x_wconf 87' lang='lat' dir='ltr'>Alphonsus</span> <span class='ocrx_word' id='word_1_29' title='bbox 2092 585 2147 640; x_wconf 92' lang='lat' dir='ltr'>in</span> 
     </span>
    </p>

    <p class='ocr_par' dir='ltr' id='par_1_5' title="bbox 583 686 2146 754">
     <span class='ocr_line' id='line_1_5' title="bbox 583 686 2146 754; baseline -0.001 -14"><span class='ocrx_word' id='word_1_30' title='bbox 583 687 870 742; x_wconf 89' lang='lat' dir='ltr'>Beatorum</span> <span class='ocrx_word' id='word_1_31' title='bbox 910 688 1035 742; x_wconf 90' lang='lat' dir='ltr'>sede</span> <span class='ocrx_word' id='word_1_32' title='bbox 1073 686 1124 741; x_wconf 83' lang='lat' dir='ltr'>S.</span> <span class='ocrx_word' id='word_1_33' title='bbox 1168 687 1324 741; x_wconf 89' lang='lat' dir='ltr'>Petro</span> <span class='ocrx_word' id='word_1_34' title='bbox 1369 694 1631 754; x_wconf 86' lang='lat' dir='ltr'>paratam.</span> <span class='ocrx_word' id='word_1_35' title='bbox 1687 687 1833 740; x_wconf 83' lang='lat' dir='ltr'>Hane</span> <span class='ocrx_word' id='word_1_36' title='bbox 1873 693 2146 740; x_wconf 79' lang='lat' dir='ltr'>aeternam</span> 
     </span>
    </p>

    <p class='ocr_par' dir='ltr' id='par_1_6' title="bbox 582 785 2144 855">
     <span class='ocr_line' id='line_1_6' title="bbox 582 785 2144 855; baseline -0.001 -14"><span class='ocrx_word' id='word_1_37' title='bbox 582 788 757 842; x_wconf 85' lang='lat' dir='ltr'>lucem</span> <span class='ocrx_word' id='word_1_38' title='bbox 802 786 1143 855; x_wconf 83' lang='lat' dir='ltr'>gloriamque</span> <span class='ocrx_word' id='word_1_39' title='bbox 1193 786 1579 854; x_wconf 85' lang='lat' dir='ltr'>Carthagenae,</span> <span class='ocrx_word' id='word_1_40' title='bbox 1633 787 1820 854; x_wconf 86' lang='lat' dir='ltr'>procul</span> <span class='ocrx_word' id='word_1_41' title='bbox 1868 804 1898 840; x_wconf 92' lang='lat' dir='ltr'>a</span> <span class='ocrx_word' id='word_1_42' title='bbox 1952 785 2144 854; x_wconf 79' lang='lat' dir='ltr'>patria,</span> 
     </span>
    </p>

    <p class='ocr_par' dir='ltr' id='par_1_7' title="bbox 582 886 2145 954">
     <span class='ocr_line' id='line_1_7' title="bbox 582 886 2145 954; baseline -0.001 -13"><span class='ocrx_word' id='word_1_43' title='bbox 582 886 722 941; x_wconf 87' lang='lat' dir='ltr'>inter</span> <span class='ocrx_word' id='word_1_44' title='bbox 766 886 1014 941; x_wconf 89' lang='lat' dir='ltr'>homines</span> <span class='ocrx_word' id='word_1_45' title='bbox 1064 886 1341 954; x_wconf 80' lang='lat' dir='ltr'>barbarOS,</span> <span class='ocrx_word' id='word_1_46' title='bbox 1400 886 1638 941; x_wconf 90' lang='lat' dir='ltr'>moriens</span> <span class='ocrx_word' id='word_1_47' title='bbox 1688 894 1768 941; x_wconf 86' lang='lat' dir='ltr'>est</span> <span class='ocrx_word' id='word_1_48' title='bbox 1810 893 2145 941; x_wconf 75' lang='lat' dir='ltr'>consecutus,</span> 
     </span>
    </p>

    <p class='ocr_par' dir='ltr' id='par_1_8' title="bbox 271 985 2144 1062">
     <span class='ocr_line' id='line_1_8' title="bbox 271 985 2144 1062; baseline -0.001 -21"><span class='ocrx_word' id='word_1_49' title='bbox 271 998 492 1062; x_wconf 53' lang='lat' dir='ltr'>desiderio</span> <span class='ocrx_word' id='word_1_50' title='bbox 648 985 733 1040; x_wconf 69' lang='lat'>32.</span> <span class='ocrx_word' id='word_1_51' title='bbox 782 986 932 1040; x_wconf 79' lang='lat' dir='ltr'>Dicto</span> <span class='ocrx_word' id='word_1_52' title='bbox 971 985 1197 1041; x_wconf 86' lang='lat' dir='ltr'>audiens</span> <span class='ocrx_word' id='word_1_53' title='bbox 1235 985 1285 1040; x_wconf 81' lang='lat' dir='ltr'>S.</span> <span class='ocrx_word' id='word_1_54' title='bbox 1327 986 1588 1054; x_wconf 83' lang='lat' dir='ltr'>Alphonsi</span> <span class='ocrx_word' id='word_1_55' title='bbox 1620 1004 1629 1040; x_wconf 91' lang='lat'><strong>:</strong></span> <span class='ocrx_word' id='word_1_56' title='bbox 1663 985 1771 1052; x_wconf 87' lang='lat' dir='ltr'>Qui</span> <span class='ocrx_word' id='word_1_57' title='bbox 1807 987 1973 1041; x_wconf 74' lang='lat' dir='ltr'>nescit</span> <span class='ocrx_word' id='word_1_58' title='bbox 2004 986 2144 1053; x_wconf 81' lang='lat' dir='ltr'>pati,</span> 
     </span>
    </p>

    <p class='ocr_par' dir='ltr' id='par_1_9' title="bbox 262 1054 2151 1160">
     <span class='ocr_line' id='line_1_9' title="bbox 262 1054 2151 1160; baseline -0.001 -20"><span class='ocrx_word' id='word_1_59' title='bbox 262 1054 479 1160; x_wconf 48' lang='grc' dir='ltr'>Ῐζζᾞέῑῗὲζ</span> <span class='ocrx_word' id='word_1_60' title='bbox 581 1086 748 1140; x_wconf 75' lang='lat' dir='ltr'>nescit</span> <span class='ocrx_word' id='word_1_61' title='bbox 795 1103 1000 1152; x_wconf 82' lang='lat' dir='ltr'>amare,</span> <span class='ocrx_word' id='word_1_62' title='bbox 1054 1087 1234 1140; x_wconf 85' lang='lat' dir='ltr'>locum</span> <span class='ocrx_word' id='word_1_63' title='bbox 1284 1085 1637 1152; x_wconf 80' lang='lat' dir='ltr'>indagaverat</span> <span class='ocrx_word' id='word_1_64' title='bbox 1685 1085 1909 1153; x_wconf 85' lang='lat' dir='ltr'>viasque</span> <span class='ocrx_word' id='word_1_65' title='bbox 1958 1084 2151 1139; x_wconf 88' lang='lat' dir='ltr'>imma-</span> 
     </span>
    </p>

    <p class='ocr_par' dir='ltr' id='par_1_10' title="bbox 244 1164 2150 1273">
     <span class='ocr_line' id='line_1_10' title="bbox 244 1164 2150 1273; baseline -0.001 -34"><span class='ocrx_word' id='word_1_66' title='bbox 244 1164 498 1273; x_wconf 44' lang='lat' dir='ltr'>‘flssillgffissfflii</span> <span class='ocrx_word' id='word_1_67' title='bbox 580 1184 804 1239; x_wconf 88' lang='lat' dir='ltr'>nissima</span> <span class='ocrx_word' id='word_1_68' title='bbox 840 1185 1126 1241; x_wconf 89' lang='lat' dir='ltr'>tolerandi.</span> <span class='ocrx_word' id='word_1_69' title='bbox 1157 1185 1279 1240; x_wconf 90' lang='lat' dir='ltr'>Vias</span> <span class='ocrx_word' id='word_1_70' title='bbox 1314 1186 1713 1240; x_wconf 88' lang='lat' dir='ltr'>demonstrarat</span> <span class='ocrx_word' id='word_1_71' title='bbox 1738 1185 1960 1240; x_wconf 85' lang='lat' dir='ltr'>Sanetus</span> <span class='ocrx_word' id='word_1_72' title='bbox 1986 1185 2150 1240; x_wconf 83' lang='lat' dir='ltr'>Adiu-</span> 
     </span>
    </p>

    <p class='ocr_par' dir='ltr' id='par_1_11' title="bbox 264 1273 2150 1354">
     <span class='ocr_line' id='line_1_11' title="bbox 264 1273 2150 1354; baseline 0 -14"><span class='ocrx_word' id='word_1_73' title='bbox 264 1281 487 1329; x_wconf 68' lang='lat' dir='ltr'>¹¹⁰¹¹S¹¹¹¹¹›</span> <span class='ocrx_word' id='word_1_74' title='bbox 578 1294 662 1340; x_wconf 88' lang='lat' dir='ltr'>tor</span> <span class='ocrx_word' id='word_1_75' title='bbox 707 1273 721 1339; x_wconf 69' lang='grc' dir='ltr'>ξ</span> <span class='ocrx_word' id='word_1_76' title='bbox 772 1286 909 1352; x_wconf 88' lang='lat' dir='ltr'>Quot</span> <span class='ocrx_word' id='word_1_77' title='bbox 968 1287 1231 1354; x_wconf 48' lang='lat' dir='ltr'>homine&amp;</span> <span class='ocrx_word' id='word_1_78' title='bbox 1273 1286 1468 1354; x_wconf 84' lang='lat' dir='ltr'>aiebat,</span> <span class='ocrx_word' id='word_1_79' title='bbox 1511 1288 1581 1340; x_wconf 83' lang='lat' dir='ltr'>ad</span> <span class='ocrx_word' id='word_1_80' title='bbox 1637 1287 1924 1342; x_wconf 73' lang='lat' dir='ltr'>interitum</span> <span class='ocrx_word' id='word_1_81' title='bbox 1978 1293 2150 1340; x_wconf 74' lang='lat' dir='ltr'>ruunt</span> 
     </span>
    </p>

    <p class='ocr_par' dir='ltr' id='par_1_12' title="bbox 577 1385 2149 1455">
     <span class='ocr_line' id='line_1_12' title="bbox 577 1385 2149 1455; baseline 0.001 -16"><span class='ocrx_word' id='word_1_82' title='bbox 577 1385 989 1452; x_wconf 51' lang='lat' dir='ltr'>seiripiternunu</span> <span class='ocrx_word' id='word_1_83' title='bbox 1032 1386 1162 1455; x_wconf 83' lang='lat' dir='ltr'>quia</span> <span class='ocrx_word' id='word_1_84' title='bbox 1207 1404 1314 1440; x_wconf 74' lang='lat' dir='ltr'>uon</span> <span class='ocrx_word' id='word_1_85' title='bbox 1358 1386 1572 1452; x_wconf 76' lang='lat' dir='ltr'>habeut,</span> <span class='ocrx_word' id='word_1_86' title='bbox 1621 1386 1718 1454; x_wconf 86' lang='lat' dir='ltr'>qui</span> <span class='ocrx_word' id='word_1_87' title='bbox 1767 1386 1840 1440; x_wconf 77' lang='lat' dir='ltr'>iis</span> <span class='ocrx_word' id='word_1_88' title='bbox 1884 1385 2149 1453; x_wconf 75' lang='lat' dir='ltr'>opitulen-</span> 
     </span>
    </p>

    <p class='ocr_par' dir='ltr' id='par_1_13' title="bbox 580 1483 2149 1552">
     <span class='ocr_line' id='line_1_13' title="bbox 580 1483 2149 1552; baseline -0.001 -14"><span class='ocrx_word' id='word_1_89' title='bbox 580 1484 703 1538; x_wconf 89' lang='lat' dir='ltr'>tur!</span> <span class='ocrx_word' id='word_1_90' title='bbox 765 1483 902 1550; x_wconf 85' lang='lat' dir='ltr'>Quot</span> <span class='ocrx_word' id='word_1_91' title='bbox 959 1485 1073 1538; x_wconf 79' lang='lat' dir='ltr'>viri</span> <span class='ocrx_word' id='word_1_92' title='bbox 1134 1485 1195 1539; x_wconf 77' lang='lat' dir='ltr'>iu</span> <span class='ocrx_word' id='word_1_93' title='bbox 1253 1485 1480 1552; x_wconf 88' lang='lat' dir='ltr'>Europa</span> <span class='ocrx_word' id='word_1_94' title='bbox 1539 1485 1714 1552; x_wconf 73' lang='lat' dir='ltr'>otiosi,</span> <span class='ocrx_word' id='word_1_95' title='bbox 1781 1485 1838 1539; x_wconf 79' lang='lat' dir='ltr'>in</span> <span class='ocrx_word' id='word_1_96' title='bbox 1893 1483 2149 1538; x_wconf 77' lang='lat' dir='ltr'>America</span> 
     </span>
    </p>

    <p class='ocr_par' dir='ltr' id='par_1_14' title="bbox 578 1583 2147 1652">
     <span class='ocr_line' id='line_1_14' title="bbox 578 1583 2147 1652; baseline 0 -14"><span class='ocrx_word' id='word_1_97' title='bbox 578 1584 754 1652; x_wconf 73' lang='lat' dir='ltr'>forent</span> <span class='ocrx_word' id='word_1_98' title='bbox 793 1584 1078 1652; x_wconf 74' lang='lat' dir='ltr'>Apostoli!</span> <span class='ocrx_word' id='word_1_99' title='bbox 1128 1584 1205 1639; x_wconf 92' lang='lat' dir='ltr'>lta</span> <span class='ocrx_word' id='word_1_100' title='bbox 1248 1583 1299 1639; x_wconf 80' lang='lat' dir='ltr'>S.</span> <span class='ocrx_word' id='word_1_101' title='bbox 1343 1585 1528 1639; x_wconf 80' lang='lat' dir='ltr'>Frater</span> <span class='ocrx_word' id='word_1_102' title='bbox 1576 1584 1811 1640; x_wconf 88' lang='lat' dir='ltr'>adiutor.</span> <span class='ocrx_word' id='word_1_103' title='bbox 1855 1584 1968 1638; x_wconf 92' lang='lat' dir='ltr'>Iam</span> <span class='ocrx_word' id='word_1_104' title='bbox 2006 1601 2147 1638; x_wconf 90' lang='lat' dir='ltr'>anno</span> 
     </span>
    </p>

    <p class='ocr_par' dir='ltr' id='par_1_15' title="bbox 579 1683 2147 1753">
     <span class='ocr_line' id='line_1_15' title="bbox 579 1683 2147 1753; baseline 0.001 -16"><span class='ocrx_word' id='word_1_105' title='bbox 579 1683 869 1739; x_wconf 89' lang='lat' dir='ltr'>millesimo</span> <span class='ocrx_word' id='word_1_106' title='bbox 943 1684 1380 1753; x_wconf 88' lang='lat' dir='ltr'>quingentesimo</span> <span class='ocrx_word' id='word_1_107' title='bbox 1448 1684 1868 1753; x_wconf 87' lang='lat' dir='ltr'>quadragesimo</span> <span class='ocrx_word' id='word_1_108' title='bbox 1952 1691 2147 1752; x_wconf 82' lang='lat' dir='ltr'>quarto</span> 
     </span>
    </p>

    <p class='ocr_par' dir='ltr' id='par_1_16' title="bbox 578 1783 2149 1852">
     <span class='ocr_line' id='line_1_16' title="bbox 578 1783 2149 1852; baseline 0 -15"><span class='ocrx_word' id='word_1_109' title='bbox 578 1783 867 1852; x_wconf 77' lang='lat' dir='ltr'>scripserat</span> <span class='ocrx_word' id='word_1_110' title='bbox 910 1784 1095 1838; x_wconf 91' lang='lat' dir='ltr'>Indiae</span> <span class='ocrx_word' id='word_1_111' title='bbox 1137 1785 1424 1852; x_wconf 83' lang='lat' dir='ltr'>Apostolus</span> <span class='ocrx_word' id='word_1_112' title='bbox 1473 1802 1482 1837; x_wconf 92' lang='lat'><strong>:</strong></span> <span class='ocrx_word' id='word_1_113' title='bbox 1535 1784 1682 1838; x_wconf 84' lang='lat' dir='ltr'>Mihi</span> <span class='ocrx_word' id='word_1_114' title='bbox 1730 1801 1850 1838; x_wconf 80' lang='lat' dir='ltr'>vero</span> <span class='ocrx_word' id='word_1_115' title='bbox 1893 1799 2149 1850; x_wconf 76' lang='lat' dir='ltr'>persaepe</span> 
     </span>
    </p>

    <p class='ocr_par' dir='ltr' id='par_1_17' title="bbox 577 1884 2148 1952">
     <span class='ocr_line' id='line_1_17' title="bbox 577 1884 2148 1952; baseline -0.002 -13"><span class='ocrx_word' id='word_1_116' title='bbox 577 1886 725 1940; x_wconf 76' lang='lat' dir='ltr'>veuit</span> <span class='ocrx_word' id='word_1_117' title='bbox 780 1886 840 1940; x_wconf 76' lang='lat' dir='ltr'>iu</span> <span class='ocrx_word' id='word_1_118' title='bbox 893 1892 1127 1940; x_wconf 72' lang='lat' dir='ltr'>mentem</span> <span class='ocrx_word' id='word_1_119' title='bbox 1176 1885 1381 1939; x_wconf 79' lang='lat' dir='ltr'>circum</span> <span class='ocrx_word' id='word_1_120' title='bbox 1430 1885 1683 1952; x_wconf 88' lang='lat' dir='ltr'>Europae</span> <span class='ocrx_word' id='word_1_121' title='bbox 1732 1884 2039 1938; x_wconf 79' lang='lat' dir='ltr'>academias</span> <span class='ocrx_word' id='word_1_122' title='bbox 2089 1900 2148 1937; x_wconf 85' lang='lat' dir='ltr'>ac</span> 
     </span>
    </p>

    <p class='ocr_par' dir='ltr' id='par_1_18' title="bbox 570 1985 2149 2054">
     <span class='ocr_line' id='line_1_18' title="bbox 570 1985 2149 2054; baseline -0.001 -15"><span class='ocrx_word' id='word_1_123' title='bbox 570 1986 863 2054; x_wconf 75' lang='lat' dir='ltr'>praecipue</span> <span class='ocrx_word' id='word_1_124' title='bbox 898 1986 1274 2041; x_wconf 73' lang='lat' dir='ltr'>Parisieusem</span> <span class='ocrx_word' id='word_1_125' title='bbox 1311 2003 1528 2040; x_wconf 75' lang='lat' dir='ltr'>cursare</span> <span class='ocrx_word' id='word_1_126' title='bbox 1564 1992 1614 2040; x_wconf 94' lang='lat' dir='ltr'>et</span> <span class='ocrx_word' id='word_1_127' title='bbox 1651 1985 1840 2040; x_wconf 75' lang='lat' dir='ltr'>insani</span> <span class='ocrx_word' id='word_1_128' title='bbox 1875 1985 1992 2038; x_wconf 89' lang='lat' dir='ltr'>ritu</span> <span class='ocrx_word' id='word_1_129' title='bbox 2022 2002 2149 2051; x_wconf 75' lang='lat' dir='ltr'>pas-</span> 
     </span>
    </p>

    <p class='ocr_par' dir='ltr' id='par_1_19' title="bbox 578 2084 2150 2156">
     <span class='ocr_line' id='line_1_19' title="bbox 578 2084 2150 2156; baseline -0.002 -16"><span class='ocrx_word' id='word_1_130' title='bbox 578 2086 685 2140; x_wconf 80' lang='lat' dir='ltr'>sim</span> <span class='ocrx_word' id='word_1_131' title='bbox 723 2086 1014 2155; x_wconf 80' lang='lat' dir='ltr'>vociferari</span> <span class='ocrx_word' id='word_1_132' title='bbox 1025 2105 1047 2153; x_wconf 77' lang='grc'>,·</span> <span class='ocrx_word' id='word_1_133' title='bbox 1083 2103 1286 2155; x_wconf 77' lang='lat' dir='ltr'>eosque,</span> <span class='ocrx_word' id='word_1_134' title='bbox 1328 2086 1425 2156; x_wconf 79' lang='lat' dir='ltr'>qui</span> <span class='ocrx_word' id='word_1_135' title='bbox 1461 2086 1735 2140; x_wconf 75' lang='lat' dir='ltr'>doctrinae</span> <span class='ocrx_word' id='word_1_136' title='bbox 1776 2085 1905 2153; x_wconf 80' lang='lat' dir='ltr'>plus</span> <span class='ocrx_word' id='word_1_137' title='bbox 1954 2084 2150 2138; x_wconf 77' lang='lat' dir='ltr'>habeut</span> 
     </span>
    </p>

    <p class='ocr_par' dir='ltr' id='par_1_20' title="bbox 578 2184 2150 2254">
     <span class='ocr_line' id='line_1_20' title="bbox 578 2184 2150 2254; baseline -0.002 -14"><span class='ocrx_word' id='word_1_138' title='bbox 578 2204 743 2254; x_wconf 81' lang='lat' dir='ltr'>quam</span> <span class='ocrx_word' id='word_1_139' title='bbox 781 2186 1048 2252; x_wconf 54' lang='lat' dir='ltr'>caritati-9,</span> <span class='ocrx_word' id='word_1_140' title='bbox 1091 2186 1180 2240; x_wconf 79' lang='lat' dir='ltr'>liis</span> <span class='ocrx_word' id='word_1_141' title='bbox 1217 2186 1536 2254; x_wconf 70' lang='lat' dir='ltr'>compellare</span> <span class='ocrx_word' id='word_1_142' title='bbox 1578 2185 1754 2240; x_wconf 80' lang='lat' dir='ltr'>verbis</span> <span class='ocrx_word' id='word_1_143' title='bbox 1782 2184 1948 2239; x_wconf 90' lang='lat' dir='ltr'>:Heu</span> <span class='ocrx_word' id='word_1_144' title='bbox 1985 2202 2150 2253; x_wconf 81' lang='lat' dir='ltr'>quam</span> 
     </span>
    </p>

    <p class='ocr_par' dir='ltr' id='par_1_21' title="bbox 579 2285 2150 2355">
     <span class='ocr_line' id='line_1_21' title="bbox 579 2285 2150 2355; baseline -0.003 -14"><span class='ocrx_word' id='word_1_145' title='bbox 579 2288 771 2355; x_wconf 65' lang='lat' dir='ltr'>ingens·</span> <span class='ocrx_word' id='word_1_146' title='bbox 830 2287 1148 2342; x_wconf 75' lang='lat' dir='ltr'>animorum</span> <span class='ocrx_word' id='word_1_147' title='bbox 1197 2303 1459 2341; x_wconf 75' lang='lat' dir='ltr'>uumerus</span> <span class='ocrx_word' id='word_1_148' title='bbox 1507 2292 1675 2340; x_wconf 76' lang='lat' dir='ltr'>vestro</span> <span class='ocrx_word' id='word_1_149' title='bbox 1724 2285 1857 2339; x_wconf 83' lang='lat' dir='ltr'>vitio</span> <span class='ocrx_word' id='word_1_150' title='bbox 1905 2285 2150 2340; x_wconf 75' lang='lat' dir='ltr'>eoeclusus</span> 
     </span>
    </p>

    <p class='ocr_par' dir='ltr' id='par_1_22' title="bbox 578 2385 2150 2454">
     <span class='ocr_line' id='line_1_22' title="bbox 578 2385 2150 2454; baseline -0.002 -14"><span class='ocrx_word' id='word_1_151' title='bbox 578 2387 718 2441; x_wconf 92' lang='lat' dir='ltr'>caelo</span> <span class='ocrx_word' id='word_1_152' title='bbox 767 2387 1088 2441; x_wconf 75' lang='lat' dir='ltr'>deturbatur</span> <span class='ocrx_word' id='word_1_153' title='bbox 1136 2387 1207 2440; x_wconf 79' lang='lat' dir='ltr'>ad</span> <span class='ocrx_word' id='word_1_154' title='bbox 1257 2385 1501 2454; x_wconf 71' lang='lat' dir='ltr'>inferos!</span> <span class='ocrx_word' id='word_1_155' title='bbox 1549 2385 1692 2439; x_wconf 86' lang='lat' dir='ltr'>Haec</span> <span class='ocrx_word' id='word_1_156' title='bbox 1753 2401 1934 2439; x_wconf 83' lang='lat' dir='ltr'>seeum</span> <span class='ocrx_word' id='word_1_157' title='bbox 1992 2401 2150 2452; x_wconf 92' lang='lat' dir='ltr'>repu-</span> 
     </span>
    </p>

    <p class='ocr_par' dir='ltr' id='par_1_23' title="bbox 577 2482 2149 2554">
     <span class='ocr_line' id='line_1_23' title="bbox 577 2482 2149 2554; baseline -0.003 -14"><span class='ocrx_word' id='word_1_158' title='bbox 577 2494 696 2540; x_wconf 85' lang='lat' dir='ltr'>tans</span> <span class='ocrx_word' id='word_1_159' title='bbox 757 2485 1208 2554; x_wconf 87' lang='lat' dir='ltr'>nobilissimoque</span> <span class='ocrx_word' id='word_1_160' title='bbox 1269 2493 1518 2540; x_wconf 87' lang='lat' dir='ltr'>aestuans</span> <span class='ocrx_word' id='word_1_161' title='bbox 1588 2483 1836 2540; x_wconf 89' lang='lat' dir='ltr'>homines</span> <span class='ocrx_word' id='word_1_162' title='bbox 1905 2482 2149 2538; x_wconf 86' lang='lat' dir='ltr'>salvandi</span> 
     </span>
    </p>

    <p class='ocr_par' dir='ltr' id='par_1_24' title="bbox 579 2582 2150 2654">
     <span class='ocr_line' id='line_1_24' title="bbox 579 2582 2150 2654; baseline -0.003 -13"><span class='ocrx_word' id='word_1_163' title='bbox 579 2585 869 2654; x_wconf 89' lang='lat' dir='ltr'>desideri0‚</span> <span class='ocrx_word' id='word_1_164' title='bbox 911 2587 1130 2653; x_wconf 87' lang='lat' dir='ltr'>longam</span> <span class='ocrx_word' id='word_1_165' title='bbox 1174 2584 1415 2653; x_wconf 85' lang='lat' dir='ltr'>patiendi</span> <span class='ocrx_word' id='word_1_166' title='bbox 1454 2584 1599 2639; x_wconf 90' lang='lat' dir='ltr'>viam</span> <span class='ocrx_word' id='word_1_167' title='bbox 1643 2584 1936 2652; x_wconf 77' lang='lat' dir='ltr'>ingreSSUS,</span> <span class='ocrx_word' id='word_1_168' title='bbox 1979 2582 2150 2637; x_wconf 86' lang='lat' dir='ltr'>incre-</span> 
     </span>
    </p>

    <p class='ocr_par' dir='ltr' id='par_1_25' title="bbox 579 2683 2148 2854">
     <span class='ocr_line' id='line_1_25' title="bbox 580 2683 2148 2753; baseline -0.002 -13"><span class='ocrx_word' id='word_1_169' title='bbox 580 2685 734 2741; x_wconf 88' lang='lat' dir='ltr'>dibili</span> <span class='ocrx_word' id='word_1_170' title='bbox 807 2684 1108 2740; x_wconf 82' lang='lat' dir='ltr'>constantia</span> <span class='ocrx_word' id='word_1_171' title='bbox 1176 2684 1231 2738; x_wconf 93' lang='lat' dir='ltr'>in</span> <span class='ocrx_word' id='word_1_172' title='bbox 1298 2702 1361 2739; x_wconf 89' lang='lat' dir='ltr'>ea</span> <span class='ocrx_word' id='word_1_173' title='bbox 1429 2684 1812 2753; x_wconf 87' lang='lat' dir='ltr'>perseveravit,</span> <span class='ocrx_word' id='word_1_174' title='bbox 1882 2683 2148 2737; x_wconf 90' lang='lat' dir='ltr'>immanes</span> 
     </span>
     <span class='ocr_line' id='line_1_26' title="bbox 579 2785 2052 2854; baseline -0.001 -14"><span class='ocrx_word' id='word_1_175' title='bbox 579 2785 898 2840; x_wconf 82' lang='lat' dir='ltr'>exhauriens</span> <span class='ocrx_word' id='word_1_176' title='bbox 937 2785 1166 2853; x_wconf 80' lang='lat' dir='ltr'>laboreS,</span> <span class='ocrx_word' id='word_1_177' title='bbox 1222 2786 1495 2840; x_wconf 90' lang='lat' dir='ltr'>molestias</span> <span class='ocrx_word' id='word_1_178' title='bbox 1540 2793 1703 2854; x_wconf 89' lang='lat' dir='ltr'>atque</span> <span class='ocrx_word' id='word_1_179' title='bbox 1746 2802 2052 2839; x_wconf 78' lang='lat' dir='ltr'>aerumnas,</span> 
     </span>
    </p>

    <p class='ocr_par' dir='ltr' id='par_1_26' title="bbox 205 2883 2148 2963">
     <span class='ocr_line' id='line_1_27' title="bbox 205 2883 2148 2963; baseline -0.003 -23"><span class='ocrx_word' id='word_1_180' title='bbox 205 2908 257 2952; x_wconf 84' lang='lat' dir='ltr'>ad</span> <span class='ocrx_word' id='word_1_181' title='bbox 281 2908 531 2963; x_wconf 81' lang='lat' dir='ltr'>exemplum</span> <span class='ocrx_word' id='word_1_182' title='bbox 645 2883 731 2940; x_wconf 78' lang='lat'>33.</span> <span class='ocrx_word' id='word_1_183' title='bbox 785 2884 920 2939; x_wconf 85' lang='lat' dir='ltr'>Sunt</span> <span class='ocrx_word' id='word_1_184' title='bbox 981 2884 1076 2952; x_wconf 90' lang='lat' dir='ltr'>qui</span> <span class='ocrx_word' id='word_1_185' title='bbox 1130 2884 1513 2952; x_wconf 84' lang='lat' dir='ltr'>Apostolorum</span> <span class='ocrx_word' id='word_1_186' title='bbox 1576 2883 1678 2938; x_wconf 85' lang='lat' dir='ltr'>sibi</span> <span class='ocrx_word' id='word_1_187' title='bbox 1740 2900 1939 2937; x_wconf 91' lang='lat' dir='ltr'>nomen</span> <span class='ocrx_word' id='word_1_188' title='bbox 1994 2900 2148 2936; x_wconf 89' lang='lat' dir='ltr'>usur-</span> 
     </span>
    </p>

    <p class='ocr_par' dir='ltr' id='par_1_27' title="bbox 220 2964 2146 3063">
     <span class='ocr_line' id='line_1_28' title="bbox 220 2964 2146 3063; baseline -0.002 -23"><span class='ocrx_word' id='word_1_189' title='bbox 220 2964 522 3063; x_wconf 48' lang='lat' dir='ltr'>missttcfflrio-</span> <span class='ocrx_word' id='word_1_190' title='bbox 577 2993 707 3055; x_wconf 88' lang='lat' dir='ltr'>pant</span> <span class='ocrx_word' id='word_1_191' title='bbox 750 2992 820 3054; x_wconf 87' lang='lat' dir='ltr'>et,</span> <span class='ocrx_word' id='word_1_192' title='bbox 850 3002 989 3053; x_wconf 90' lang='lat' dir='ltr'>quae</span> <span class='ocrx_word' id='word_1_193' title='bbox 1033 2992 1218 3053; x_wconf 85' lang='lat' dir='ltr'>agunt,</span> <span class='ocrx_word' id='word_1_194' title='bbox 1259 2984 1498 3052; x_wconf 90' lang='lat' dir='ltr'>glorioso</span> <span class='ocrx_word' id='word_1_195' title='bbox 1541 2984 1882 3053; x_wconf 84' lang='lat' dir='ltr'>Apostolatus</span> <span class='ocrx_word' id='word_1_196' title='bbox 1926 2982 2146 3037; x_wconf 90' lang='lat' dir='ltr'>nomine</span> 
     </span>
    </p>
   </div>
   <div class='ocr_carea' id='block_1_3' title="bbox 226 3080 2147 3254">
    <p class='ocr_par' dir='ltr' id='par_1_28' title="bbox 226 3080 2147 3254">
     <span class='ocr_line' id='line_1_29' title="bbox 226 3080 2147 3154; baseline -0.004 -11"><span class='ocrx_word' id='word_1_197' title='bbox 226 3080 501 3128; x_wconf 79' lang='lat' dir='ltr'>nostrorum,</span> <span class='ocrx_word' id='word_1_198' title='bbox 578 3087 851 3154; x_wconf 86' lang='lat' dir='ltr'>decorant,</span> <span class='ocrx_word' id='word_1_199' title='bbox 900 3086 1030 3141; x_wconf 91' lang='lat' dir='ltr'>dum</span> <span class='ocrx_word' id='word_1_200' title='bbox 1081 3085 1247 3139; x_wconf 86' lang='lat' dir='ltr'>vitam</span> <span class='ocrx_word' id='word_1_201' title='bbox 1294 3085 1586 3140; x_wconf 87' lang='lat' dir='ltr'>iucundam</span> <span class='ocrx_word' id='word_1_202' title='bbox 1624 3101 1747 3138; x_wconf 88' lang='lat' dir='ltr'>cum</span> <span class='ocrx_word' id='word_1_203' title='bbox 1785 3091 1939 3151; x_wconf 89' lang='lat' dir='ltr'>grato</span> <span class='ocrx_word' id='word_1_204' title='bbox 1983 3100 2147 3149; x_wconf 85' lang='lat' dir='ltr'>nego-</span> 
     </span>
     <span class='ocr_line' id='line_1_30' title="bbox 577 3182 2145 3254; baseline -0.004 -12"><span class='ocrx_word' id='word_1_205' title='bbox 577 3187 652 3243; x_wconf 88' lang='lat' dir='ltr'>tio</span> <span class='ocrx_word' id='word_1_206' title='bbox 722 3185 1048 3254; x_wconf 87' lang='lat' dir='ltr'>transigunt.</span> <span class='ocrx_word' id='word_1_207' title='bbox 1108 3184 1242 3240; x_wconf 86' lang='lat' dir='ltr'>Sunt</span> <span class='ocrx_word' id='word_1_208' title='bbox 1297 3186 1460 3241; x_wconf 91' lang='lat' dir='ltr'>etiam</span> <span class='ocrx_word' id='word_1_209' title='bbox 1522 3184 1613 3239; x_wconf 91' lang='lat' dir='ltr'>alii</span> <span class='ocrx_word' id='word_1_210' title='bbox 1681 3184 1736 3238; x_wconf 89' lang='lat' dir='ltr'>in</span> <span class='ocrx_word' id='word_1_211' title='bbox 1797 3182 2145 3238; x_wconf 88' lang='lat' dir='ltr'>missionibus</span> 
     </span>
    </p>
   </div>
  </div>
 </body>
</html>
