2315 3559
503 258 606 315 204
687 278 938 317 EPISTOLA
976 280 1024 318 R.
1069 281 1115 318 P.
1159 282 1210 319 N.
1253 280 1372 319 ANT.
1424 280 1549 319 MAR.
1601 280 1911 319 ANDERLEDY

504 429 715 479 tantum
754 427 825 479 acl
863 428 1125 481 tradenda
1161 427 1444 482 Eoeercitia
1479 427 1822 495 spiritualia,
1853 427 1934 481 vel
1969 445 2066 495 pro

501 526 836 593 eoecipiendis
884 528 1322 582 eoetraordinarie
1370 527 1854 596 confessionibus...

569 627 735 680 Facta
779 633 959 681 tamen
1002 633 1077 680 est
1126 627 1254 680 huic
1302 628 1501 681 decreto
1546 627 1851 681 intercessio
1894 630 2068 697 quoad

496 732 780 793 punctum,
836 726 896 780 in
945 745 1045 795 quo
1077 726 1441 793 prohibentur
1488 727 1663 780 nostri
1704 728 1944 781 accedere
1997 729 2068 781 ad

501 826 833 880 monasteria
874 826 1208 880 monialium
1256 827 1337 880 vel
1379 826 1698 893 puellarum
1746 833 2070 881 conservato-

502 927 608 992 ria,
646 926 761 980 nisi
803 927 874 979 acl
907 927 1169 980 tradenda
1202 926 1486 980 Eatercitia
1521 926 1849 993 spiritualia
1881 927 1963 980 vel
1998 928 2069 980 ad

501 1025 844 1092 excipiendas
886 1026 1326 1080 eoetraorclinarie
1362 1027 1730 1095 confessioneS,
1777 1032 1826 1080 et
1862 1026 2069 1079 dictum

502 1125 628 1193 filit,
690 1124 858 1178 liuius
917 1125 1115 1179 decreti
1173 1126 1561 1180 eoesecutionern
1621 1144 1728 1181 esse
1786 1126 2070 1179 moraliter

505 1224 914 1291 impossibilem,
961 1225 1155 1279 saltent
1212 1225 1272 1278 in
1310 1226 1570 1292 pluribus
1631 1226 1775 1280 locis,
1833 1224 2070 1279 Attentis

502 1325 811 1379 rationibus
871 1342 1007 1394 quae
1061 1326 1442 1396 afferebantur,
1490 1327 1704 1394 placuit
1768 1325 2071 1394 Congreget-

504 1426 643 1479 tioni
686 1425 825 1479 lianc
873 1443 1137 1493 apponere
1193 1426 1600 1492 limitationem,
1648 1432 1709 1480 ut
1755 1426 1807 1480 si
1861 1426 1920 1480 in
1970 1424 2071 1479 ali-

503 1525 699 1594 quibus
744 1524 870 1578 locis
918 1525 1154 1579 obtineri
1210 1532 1434 1594 nequeat
1488 1543 1553 1579 ne
1607 1525 1780 1579 nostri
1823 1526 2071 1594 frequen-

505 1625 614 1678 tius
651 1625 902 1678 accedant
927 1625 997 1677 acl
1029 1624 1175 1677 (licta
1215 1624 1546 1679 monasteria
1582 1631 1631 1679 et
1656 1625 2067 1687 conservatoria,

505 1724 563 1777 id
600 1742 707 1779 non
749 1724 847 1791 fiat
894 1723 1009 1777 nisi
1045 1724 1105 1777 ob
1155 1741 1344 1792 gyraves
1382 1731 1431 1778 et
1469 1724 1640 1778 iustas
1684 1741 1871 1777 causas
1914 1729 1963 1777 et
2010 1740 2074 1777 ea·

501 1824 728 1892 speciali
764 1823 1080 1890 Superioris
1130 1823 1369 1877 licentia.

573 1921 931 1990 Congregatio
1018 1939 1143 1976 vero
1223 1922 1383 1976 tertia
1462 1930 1514 1977 et
1593 1922 1867 1989 vicesima,
1949 1940 2072 1976 cum

504 2025 694 2078 eadem
768 2040 851 2077 res
915 2022 1204 2090 diligenter
1264 2022 1452 2077 fuisset
1506 2040 1769 2091 perpensa
1818 2029 2076 2090 quattuor

506 2123 827 2190 actionibus,
871 2122 1042 2177 edidit
1080 2123 1357 2177 decretum
1397 2122 1896 2190 quadragesimum,
1927 2123 2072 2190 quod

506 2226 680 2280 refero
759 2223 938 2278 verbis
1012 2222 1180 2291 ipsius
1259 2222 1722 2290 CongregationiS.
1802 2223 1942 2278 Cum
2015 2223 2076 2277 in

504 2325 761 2394 pluribus
812 2322 1261 2392 Conareyationis
1321 2323 1623 2377 actionibus
1671 2321 1768 2390 (ita
1813 2321 2076 2390 decernit)

509 2431 800 2480 tractatum
847 2430 978 2479 esset
1025 2425 1088 2477 cle
1131 2441 1262 2476 cura
1311 2423 1662 2489 monialium,
1711 2430 1760 2478 et
1807 2423 1966 2478 varia
2016 2423 2077 2477 in

507 2532 795 2594 utramque
809 2531 1024 2592 partem
1051 2523 1280 2591 fluissent
1306 2523 1602 2590 disputata,
1633 2524 1840 2578 censuit
1857 2524 2076 2577 demunt

511 2624 884 2694 Conqreyatio,
938 2623 1159 2677 nullum>
1202 2640 1398 2676 novum
1449 2624 1511 2677 cle
1562 2624 1659 2677 liac
1701 2640 1759 2677 re
1808 2624 2077 2677 decretum

507 2743 614 2780 esse
667 2723 1050 2787 necessarium,
1096 2724 1187 2776 secl
1233 2724 1491 2777 sta-ndum
1534 2740 1641 2777 esse
1687 2721 2078 2777 Constitutioni

507 2825 564 2881 S.
618 2826 685 2879 P.
732 2824 799 2878 N.
847 2822 1060 2890 Igynatii
1102 2828 1151 2876 et
1197 2821 1692 2891 Conqrefflttionuni
1734 2821 1975 2876 decretis.

578 2925 748 2988 Quam
800 2921 1141 2977 severitatem
1187 2939 1346 2977 nemo
1391 2922 1696 2989 mirabitur,
1744 2921 1837 2990 qui
1882 2936 2080 2987 eogno-

513 3025 649 3080 verit
745 3022 1025 3078 Pontificia
1121 3023 1440 3078 auctoritate
1529 3021 1866 3091 prohibitum
1963 3038 2078 3075 esse

512 3123 836 3194 preShyteris
903 3122 1182 3177 Societatis
1252 3124 1369 3178 Iesu
1430 3142 1495 3178 ne
1547 3141 1601 3177 se
1663 3123 1723 3176 in
1788 3122 2079 3176 directione

512 3227 667 3293 (haee
721 3231 845 3279 sunt
897 3224 1056 3278 verba
1114 3222 1321 3279 Summi
1387 3221 1683 3288 Pontificis)
1743 3221 2079 3276 convictuum
