2315 3559
500 187 603 244 352
934 206 1252 245 SUMMARIUM
1294 207 1656 246 EPISTOLARUM

502 352 568 396 18.

502 610 566 655 19.

500 865 564 920 ΙΙ.

522 1521 562 1566 με

492 2043 578 2088 4e5.

492 2389 577 2434 6·7.

491 2560 577 2605 8-9.

493 2819 558 2865 10.

493 2996 558 3039 11.

611 352 859 407 Deputandi
898 352 951 396 ad
987 353 1218 398 contiones
1255 353 1329 407 qui
1371 353 1415 396 in
1451 352 1609 407 spiritu
1644 358 1688 397 et
1720 352 1948 398 fructuose
1982 353 2065 397 hoc

610 453 771 483 munus
802 438 985 492 obeant3
1024 440 1077 483 ad
1109 439 1345 483 missiones
1377 453 1482 484 vero
1512 439 1742 483 mittantur
1773 439 1847 492 qui
1877 439 2067 494 populos

611 525 811 579 exemplo
830 530 874 569 et
894 525 1097 569 doctrina
1118 524 1367 569 aedificent.

610 610 715 655 Cum
746 617 893 655 tantae
931 612 1018 655 sint
1047 611 1173 655 dotes
1203 610 1507 665 Superiorum,
1542 624 1588 655 se
1630 610 1825 654 omnium
1857 610 2068 665 precihus

611 696 905 750 commendat,
930 702 976 741 ut
992 710 1066 741 eas
1085 695 1297 740 obtineat.

606 881 672 919 AD
712 881 906 919 PATRES
944 881 1007 919 ET
1046 881 1277 919 FRATRES
1312 880 1628 932 SOCIETATIS,
1666 863 1732 919 29
1764 872 1900 933 sept.
1933 863 2071 919 1583

920 994 996 1049 De
1033 995 1376 1050 renovatione
1411 995 1647 1062 spiritus

944 1111 1116 1179 (Tom.
1150 1112 1189 1179 Ι,
1220 1130 1309 1181 pp.
1340 1111 1615 1180 117-148.)

554 1299 563 1307 .
605 1263 793 1317 Spiritus
823 1263 1054 1307 renovatio
1086 1263 1215 1307 nobis
1247 1278 1364 1308 nunc
1397 1263 1649 1318 specialiter
1671 1264 1938 1317 necessaria,
1964 1263 2065 1318 quia

605 1348 769 1393 multae
785 1348 994 1402 regiones
1011 1347 1136 1393 albae
1159 1354 1262 1393 sunt
1282 1348 1335 1393 ad
1356 1363 1548 1394 messem
1569 1363 1578 1393 ε
1598 1349 1651 1393 de
1674 1363 1762 1403 qua
1776 1349 2067 1394 renovatione

607 1434 810 1479 ordinate
831 1434 901 1478 hic
924 1435 1163 1488 agendum.

605 1522 717 1575 Quid
753 1522 808 1566 sit
841 1522 1071 1566 renovatio
1102 1521 1375 1576 intellegitur
1405 1536 1457 1567 ex
1485 1536 1537 1567 eo
1570 1522 1688 1577 quod
1718 1522 1993 1566 inveteratur
2022 1521 2065 1566 in

606 1609 750 1663 nohis,
773 1614 821 1653 ut
835 1608 1038 1663 pluribus
1060 1609 1335 1663 argumentis
1357 1609 1622 1654 declaratur.

606 1695 745 1740 Huius
784 1695 1119 1740 inveterationis
1159 1709 1293 1739 causa
1331 1695 1519 1739 interior
1552 1701 1680 1740 vetus
1715 1695 1846 1739 homo
1887 1695 2062 1739 dicitur.

606 1783 849 1828 Renovatio
878 1783 1060 1838 spiritus
1082 1789 1150 1828 est
1169 1783 1334 1828 veteris
1356 1783 1546 1827 hominis
1567 1783 1824 1827 reformatio
1846 1783 1900 1827 ad
1922 1796 2067 1827 exem-

603 1870 702 1925 plar
741 1869 913 1915 Christi.
953 1869 1071 1914 Haec
1112 1870 1368 1915 reformatio
1414 1870 1575 1915 cotidie
1619 1869 1869 1914 inchoanda
1903 1875 1985 1923 est,
2023 1875 2067 1914 et

602 1957 752 2011 magni
774 1963 842 2002 est
860 1957 1074 2002 momenti
1101 1971 1110 2000 :

604 2043 713 2097 Quia
750 2043 966 2099 perfectio
1008 2043 1136 2088 nobis
1177 2043 1476 2088 consectanda
1514 2049 1602 2096 est;
1654 2043 1757 2097 quia
1794 2042 1839 2086 in
1880 2041 2064 2087 salutem

602 2131 906 2186 proximorum
936 2130 1065 2175 nobis
1086 2130 1455 2184 incumbendum3
1487 2129 1590 2184 quia
1610 2130 1762 2174 fervor
1790 2128 1918 2173 facile
1938 2128 2066 2175 refri-

603 2217 745 2272 gescit
774 2223 818 2262 et
846 2231 931 2262 usu
965 2217 1205 2262 veterascit
1237 2231 1246 2261 :
1280 2231 1332 2261 ex
1372 2230 1459 2271 qua
1492 2215 1833 2270 refrigeratione
1869 2215 2066 2259 nascitur

602 2310 733 2358 tepor
754 2303 951 2358 spiritus,
976 2309 1020 2348 et
1041 2317 1093 2347 ex
1114 2309 1271 2358 tepore
1293 2303 1466 2347 animae
1486 2302 1614 2346 ruina
1636 2307 1680 2346 et
1700 2301 1923 2345 damnum.

601 2389 787 2444 Teporis
804 2403 963 2434 causae
980 2389 1197 2444 plurimae
1215 2394 1258 2433 et
1273 2389 1531 2442 intestinae3
1557 2401 1670 2442 quae
1686 2387 1826 2441 magis
1842 2386 2063 2431 timendae

602 2475 825 2529 videntur,
850 2489 981 2530 quam
1003 2475 1142 2530 ipsius
1159 2475 1387 2520 daemonis
1409 2475 1568 2520 astutia
1588 2481 1632 2519 et
1648 2474 1810 2518 odium.

603 2560 714 2605 Hinc
744 2561 885 2605 nostri
917 2561 1093 2606 assidue
1123 2562 1331 2615 frangant
1361 2561 1494 2605 animi
1524 2566 1670 2605 motus
1702 2560 1876 2609 nimios,
1910 2558 1983 2613 qui
2015 2558 2059 2602 in

603 2652 757 2691 nostro
780 2647 894 2691 vitae
925 2662 1092 2701 genere
1124 2662 1172 2692 se
1202 2648 1372 2692 facilius
1400 2647 1676 2701 producunt3
1710 2645 1871 2690 cotidie
1902 2644 2060 2699 spiritu

602 2739 893 2787 renoventur,
917 2748 1016 2777 cum
1037 2734 1082 2777 in
1105 2733 1290 2778 salutem
1318 2733 1565 2777 animarum
1586 2731 1858 2777 incumbant.

602 2818 767 2864 Omnes
789 2820 923 2874 igitur
951 2820 996 2863 in
1027 2819 1244 2865 Societate
1276 2820 1358 2864 sibi
1390 2820 1575 2864 sollicite
1604 2819 1846 2872 attendant,
1869 2818 1986 2862 iuxta
2008 2831 2059 2862 ea

603 2922 717 2964 quae
738 2908 872 2953 habet
888 2908 1086 2952 Basilius.

601 2995 665 3039 Ad
696 2994 1031 3039 renovationem
1063 2994 1244 3049 spiritus
1274 2995 1484 3039 remedia.
1516 2994 1708 3038 Primum
1743 3008 1752 3037 :
1786 2993 1981 3047 cogitare
2003 2993 2057 3037 de

602 3083 697 3128 eius
728 3083 995 3128 necessitate
1028 3096 1039 3127 :
1072 3097 1211 3137 quare
1241 3083 1409 3128 iuvabit
1442 3090 1661 3138 perpetuo
1691 3082 1914 3137 inspicere
1951 3082 2055 3136 quid

603 3169 731 3213 nohis
754 3169 882 3223 desit,
907 3174 1120 3223 quantum
1142 3168 1355 3214 distemus
1377 3183 1400 3213 a
1419 3174 1551 3214 meta.
