2315 3559
288 209 355 249 DE
394 207 664 248 PERICULIS
701 205 987 246 TEMPORUM
1029 206 1341 245 NOSTRORUM
1382 206 1632 247 CAVENDIS
1668 191 1760 247 30¹1

216 361 268 408 et
321 353 507 422 pietati
562 353 876 408 fovendae?
935 351 979 405 si
1028 351 1224 405 nostris
1274 350 1573 405 commodis
1617 352 1767 406 obse—

215 452 342 519 cuti,
411 452 618 506 animas
687 469 717 505 a
783 450 992 505 Christo
1060 451 1362 517 redemptas
1432 449 1486 502 in
1547 449 1765 503 exitium

215 568 369 605 ruere
408 551 683 604 sinamus?
708 550 895 603 Nonne
923 548 1292 602 tristissimum
1321 555 1373 601 et
1399 547 1763 601 miserrimum

215 650 370 717 foret,
435 650 478 704 si
540 648 865 704 severissimi
927 648 1112 703 iudicii
1168 648 1254 702 die
1311 665 1406 701 nos
1468 646 1765 701 accusaturi

213 757 601 817 consurgerent
648 756 727 802 tot
775 747 1042 815 homines,
1096 747 1190 816 qui
1240 748 1306 801 ab
1356 755 1574 801 aeterno
1635 746 1768 800 inte-

215 833 322 901 ritu
366 866 395 901 a
432 847 587 901 nobis
625 846 819 901 salvari
858 847 1174 915 potuissent,
1216 846 1279 913 si,
1321 847 1466 914 quod
1507 844 1765 913 temporis

213 947 410 1001 cotidie
465 947 529 1001 ad
587 946 959 1015 ephemerides
1017 946 1335 1014 ineptosque
1380 945 1545 1000 libros
1590 946 1767 1012 legen-

212 1046 310 1100 dos
348 1046 732 1114 impendimus,
774 1047 840 1100 ad
881 1045 1179 1100 ministeria
1219 1045 1514 1101 vocationis
1556 1053 1766 1098 nostrae

212 1145 430 1214 propria
475 1145 889 1200 contulissemus
906 1147 929 1199 *Β

279 1244 363 1300 27.
403 1247 468 1299 At
516 1247 679 1314 enim,
720 1246 933 1315 reponit
974 1246 1312 1301 adversarius
1362 1254 1543 1302 noster
1585 1264 1595 1300 :
1650 1263 1762 1314 VOS,

212 1344 488 1400 Societatis
550 1346 666 1413 filii,
725 1355 910 1415 utpote
971 1364 1146 1414 neque
1206 1346 1543 1401 Carthusiani
1593 1363 1766 1414 neque

212 1442 562 1511 Benedictini,
592 1444 888 1499 recessibus
916 1445 1249 1513 desertisque
1287 1444 1582 1499 incolendis
1610 1444 1771 1498 desti-

211 1542 341 1609 nati,
401 1544 467 1597 ad
514 1560 736 1610 magnas
789 1544 946 1599 urbes
1005 1544 1291 1611 vocamini,
1340 1552 1391 1598 et
1434 1543 1499 1597 ad
1551 1560 1767 1597 omnem

211 1640 499 1695 hominum
556 1642 802 1697 ordinem
860 1644 1227 1698 excolendum.
1282 1642 1454 1706 Quare
1504 1659 1638 1710 opus
1689 1649 1767 1696 est

209 1740 344 1794 bene
405 1749 743 1809 perspectum
811 1743 1253 1810 exploratumque
1319 1742 1517 1796 habere
1583 1759 1765 1795 rerum

210 1848 408 1895 statum
453 1849 506 1895 et
552 1849 862 1897 nostrorum
912 1851 1219 1911 temporum
1269 1842 1661 1910 condicionem,
1708 1851 1767 1896 ut

210 1940 379 1995 facilis
447 1941 513 1996 ad
581 1959 767 1997 omnes
834 1951 1012 2011 pateat
1072 1943 1284 2009 aditus;
1350 1950 1408 1996 ut
1468 1941 1764 1997 industrius

210 2040 277 2095 ab
319 2040 570 2095 humanis
621 2041 956 2110 incipienteS‚
998 2043 1064 2097 ad
1109 2042 1291 2097 divina
1336 2041 1660 2108 deveniatis;
1708 2050 1766 2095 ut

209 2156 395 2195 omnes
439 2141 705 2209 homineS‚
747 2160 844 2197 suo
883 2160 1155 2211 quemque
1193 2142 1429 2210 ingeni0‚
1461 2142 1676 2196 suavius
1715 2150 1766 2196 et

210 2239 474 2295 efficacius
513 2242 579 2296 ad
618 2242 890 2297 Christum
922 2242 1245 2311 pertrahatis
1259 2261 1271 2308 ;
1301 2243 1544 2310 adeoque
1582 2241 1767 2295 huius-

211 2340 358 2395 modi
402 2341 558 2397 lectio
598 2351 676 2397 est
725 2343 876 2397 vobis
926 2343 1149 2398 omnino
1192 2341 1508 2397 necessaria.
1549 2341 1765 2396 Accedit

210 2448 390 2495 autem
440 2442 605 2510 quod,
647 2460 770 2496 cum
809 2444 937 2498 haec
977 2443 1158 2497 omnia
1196 2442 1421 2497 minime
1460 2443 1598 2496 mala
1636 2441 1761 2508 sint,

210 2540 302 2594 sed
359 2549 545 2609 suapte
600 2550 790 2596 natura
846 2542 1227 2610 indifferentia,
1292 2542 1498 2610 optimo
1569 2541 1763 2596 mentis

211 2639 486 2708 proposito
536 2641 899 2710 cohonestata,
942 2650 993 2697 et
1035 2641 1429 2711 supernaturali
1484 2640 1763 2695 nobilitate

210 2738 424 2807 donata,
478 2740 808 2795 validissima
846 2742 983 2796 fiunt
1025 2741 1293 2810 praesidia
1347 2741 1413 2794 ad
1458 2740 1762 2795 animarum

210 2839 457 2893 salutem.
519 2840 659 2894 Haec
714 2840 818 2895 ille.
865 2841 1064 2896 Verum
1114 2842 1245 2896 haec
1302 2840 1438 2895 ratio
1489 2856 1761 2893 summum

210 2940 425 3007 evincit,
478 2957 586 2995 non
647 2957 832 2994 omnes
899 2940 1212 2995 huiusmodi
1273 2938 1645 3008 ephemerides
1712 2946 1764 2992 et

211 3040 376 3095 libros
422 3039 672 3094 omnibus
716 3039 914 3094 nostris
952 3057 1170 3108 prorsus
1209 3057 1322 3095 esse
1366 3038 1758 3104 interdicenda;

210 3142 302 3196 sed
340 3140 610 3209 aliquibus
650 3140 914 3208 Patribus,
954 3140 1150 3210 quibus
1189 3158 1249 3196 ex
1286 3139 1460 3194 officio
1499 3138 1762 3194 incumbit

1917 1263 2031 1307 Haec

1929 1332 2016 1362 non

1840 1373 2118 1417 infirmantur

1857 1441 1907 1470 ex
1925 1428 2096 1471 obiecta

1844 1483 2109 1527 necessitate

1915 1537 2041 1581 huius

1831 1591 2032 1635 lectionis
2054 1592 2106 1635 ad

1854 1647 2095 1691 ministeria

1894 1702 2050 1746 melius

1872 1757 2089 1801 obeunda.
