2315 3559
257 855 295 886 S.
308 855 398 895 Ign.

175 897 254 928 Con
260 897 410 938 templa
416 897 472 930 tio

225 936 274 969 de
296 939 430 970 Nativ.

215 1179 460 1228 aupertate,

538 202 639 259 260
711 221 959 260 EPISTOLA
998 223 1047 261 R.
1091 223 1137 262 P.
1179 223 1231 262 N.
1274 222 1392 260 ANT.
1443 221 1568 261 MAR.
1615 222 1923 262 ANDERLEDY

539 366 650 420 lum
678 374 840 435 atque
861 369 1137 436 explorare
1157 367 1452 431 consuevit,
1484 385 1551 422 an
1573 376 1711 423 esset
1730 368 1785 421 in
1811 376 2099 437 conspeetu

538 464 816 521 carissima
852 467 1067 521 Domini
1107 466 1388 521 morientis
1423 467 1621 534 imago.
1663 466 1833 530 Quam
1860 468 1954 521 ubi
1991 486 2098 523 non

538 564 757 632 reperit,
822 565 935 633 ipse
985 564 1088 619 sibi
1149 565 1387 633 aliquam
1449 565 1562 620 eius
1621 566 1855 632 effigiem
1913 567 2103 620 adum-

537 663 744 718 brabat.
798 665 944 719 Adeo
994 664 1049 718 in
1099 664 1305 719 deliciis
1355 665 1588 719 habebat
1643 665 1786 731 regis
1848 673 2100 721 aeternae

536 763 741 830 gloriae
778 764 1123 832 presentiam,
1154 764 1249 832 qui
1287 764 1453 818 vitam
1487 764 1725 819 traduxit
1761 783 1882 818 cum
1912 783 2100 833 perpe-

539 870 633 917 tua
652 870 971 931 pachertate
997 871 1049 918 et
1075 864 1475 919 sanctissimum
1504 864 1576 919 ita
1605 864 1803 919 efflavit
1830 865 2095 933 animum,

538 971 596 1017 ut
644 963 779 1017 nihil
829 971 969 1018 esset
1006 963 1097 1017 illo
1136 963 1435 1032 spoliatiUS‚
1478 964 1613 1018 nihil
1653 963 1916 1034 egenti-us,

604 1063 687 1119 ⁴29.
752 1064 896 1128 Quae
956 1064 1317 1119 amantissimi
1378 1064 1593 1120 Domini
1659 1065 1829 1119 nostri
1890 1074 2098 1134 egestas

535 1180 834 1232 numquam
880 1165 1065 1219 aberat
1108 1165 1175 1219 ab
1223 1165 1407 1219 animo
1456 1164 1506 1219 S.
1554 1164 1760 1219 Aloisii.
1792 1165 1927 1219 Hine
1972 1183 2101 1234 pau-

533 1263 756 1330 pertatis
814 1281 969 1318 amor
1017 1271 1216 1332 tantm,
1271 1272 1329 1318 ut
1378 1264 1641 1318 vilissima
1691 1282 1940 1333 quaeque
1995 1265 2099 1319 sihi

532 1363 773 1432 eligeret,
814 1372 870 1418 ut
895 1364 1016 1419 cibo
1044 1366 1272 1433 vulgari,
1314 1366 1662 1435 pauperrimo
1697 1366 1912 1435 vestitu,
1952 1367 2100 1421 cubi-

531 1466 651 1519 culo
695 1465 890 1520 humili
929 1466 1302 1534 delectaretur,
1345 1468 1647 1536 eodemque
1691 1476 1801 1522 tam
1847 1477 2094 1536 anguem,

531 1573 591 1619 ut
656 1566 854 1620 lectum
913 1566 1000 1620 vix
1066 1584 1258 1635 capere
1316 1575 1496 1635 posset
1551 1575 1604 1622 et
1665 1575 1781 1621 arta
1838 1569 2014 1622 solum
2069 1585 2097 1622 e

531 1674 671 1721 tecto
716 1667 947 1721 fenestra
997 1668 1174 1721 lucem
1220 1668 1374 1722 daret·
1423 1667 1816 1735 parcissimam.
1867 1668 2100 1736 Pauper-

530 1767 655 1821 tatis
683 1766 861 1822 studio
889 1784 956 1821 ne
983 1767 1206 1835 quidem
1234 1767 1517 1835 imagineS,
1545 1785 1678 1836 quas
1705 1767 1823 1822 aliis
1852 1769 2093 1836 donaret,

532 1868 763 1922 retinere
808 1867 951 1936 apud
997 1885 1052 1921 se
1095 1867 1345 1922 audebat.
1402 1866 1532 1922 Cum
1578 1885 1706 1922 vero
1751 1868 1942 1922 morbo
1985 1876 2099 1922 ten-

531 1967 746 2022 tabatur
781 1967 954 2035 gravi,
992 1967 1183 2022 eodem
1212 1967 1306 2035 qui
1334 1966 1382 2022 ei
1410 1967 1632 2022 ultimus
1661 1967 1780 2035 fuit,
1822 1985 1849 2022 e
1887 1968 2096 2022 duobus

532 2068 792 2137 appositis
850 2067 952 2122 sibi
1002 2067 1258 2123 remediis
1308 2085 1522 2136 semper
1579 2068 1889 2136 adhibebat,
1951 2069 2096 2136 quod

533 2169 691 2222 vilius
730 2176 880 2235 erat;
921 2185 1250 2237 causamque
1284 2176 1525 2236 rogatuS‚
1566 2185 1687 2223 eam
1725 2185 1858 2236 esse,
1899 2167 2094 2235 aiebat,

531 2270 677 2337 quod
725 2269 918 2323 eodem
961 2276 1242 2323 uterentur
1281 2286 1563 2337 pauperes,
1608 2269 1671 2322 Et
1708 2287 1831 2323 eum
1877 2270 1943 2323 de
1990 2268 2097 2323 vita

531 2370 902 2425 decedendum
954 2369 1056 2424 sihi
1101 2387 1216 2424 esse
1271 2370 1511 2438 putabat,
1559 2369 1732 2438 petiit,
1786 2378 1846 2424 ut
1888 2387 1996 2424 non
2040 2369 2096 2423 in

530 2471 685 2538 lecte,
726 2470 818 2525 sed
857 2469 912 2523 in
950 2468 1260 2538 pavimento
1305 2470 1532 2524 reddere
1569 2469 1811 2524 animum
1848 2469 1956 2524 Deo
1993 2468 2095 2524 sibi

529 2570 731 2625 liceret.

599 2671 705 2725 Nos
743 2688 867 2725 vero
903 2669 1111 2725 iuvenis
1140 2669 1328 2737 saneti,
1359 2687 1522 2738 quem
1557 2669 1751 2725 eximie
1793 2669 2090 2736 diligimus,

530 2771 834 2838 exemplum
872 2769 1130 2836 movebit,
1172 2777 1230 2823 ut
1268 2770 1457 2824 saltem
1494 2787 1574 2837 ea,
1615 2787 1753 2837 quae
1791 2767 2093 2837 paupertati

531 2869 816 2937 religiosae
852 2876 1211 2924 consentanea
1238 2885 1346 2923 non
1374 2877 1516 2936 sunt,
1548 2869 1881 2936 omittamuS‚
1918 2885 2093 2936 neque

530 2987 626 3024 nos
684 2969 884 3037 pudeat
932 2969 1264 3038 paupertatis
1326 2969 1447 3023 Filii
1497 2969 1608 3024 Dei.
1664 2968 1970 3023 Gloriamur
2027 2969 2092 3022 de

531 3069 647 3124 lesu
697 3068 959 3123 Societate
1003 3076 1055 3123 et
1103 3068 1358 3135 nomine;
1411 3068 1756 3135 gloriandum
1801 3068 1963 3122 etiam
2014 3074 2093 3121 est

529 3169 595 3223 de
633 3168 991 3224 amantissimi
1030 3167 1181 3223 ducis
1218 3167 1390 3223 nostri
1426 3168 1699 3236 pauperie.
1741 3167 1926 3235 Neque
1964 3165 2092 3220 satis
