2315 3559
605 207 651 244 R.
696 207 741 244 r.
783 208 835 244 Ν.
880 206 1030 243 PETRl
1069 206 1233 244 BECKX
1594 192 1693 245 :397

189 349 251 393 19.
284 349 359 393 Cui
388 350 575 404 proinde
605 350 815 404 peculiari
846 349 1193 393 consecrationis
1214 356 1313 393 actu
1333 349 1477 402 placet
1507 350 1695 394 Societa-

248 442 334 478 tem
358 434 579 478 dedicare.

183 519 249 564 ⁹20.
286 519 427 563 Pietas
449 533 555 574 erga
578 520 622 563 Β.
648 519 694 562 V.
721 519 915 563 Mariam.

139 655 246 710 VII.
277 672 343 710 AD
383 672 575 710 PATREs
602 672 664 709 ET
702 672 932 709 FRATRES
971 671 1284 722 sofflETATIS,
1315 656 1381 710 10
1419 665 1520 710 oct.
1551 655 1686 710 1872

283 776 359 830 De
383 776 575 830 solacio
601 794 663 830 esr-
690 776 1076 842 beatiftcatione
1100 776 1165 829 B.
1196 777 1352 830 Petri
1377 777 1427 829 F
1424 777 1548 829 obri

556 884 726 952 (Tom.
760 885 848 951 lll,
880 903 968 952 pp.
1001 883 1272 950 2232322.)

159 1022 242 1067 1-3.
275 1023 499 1068 Commota
519 1030 759 1078 tempestas
781 1023 926 1067 acrior
946 1023 1145 1067 incubuit
1166 1024 1209 1066 in
1233 1023 1509 1076 Societatem,
1533 1030 1626 1068 tum
1649 1023 1692 1067 in

237 1108 484 1162 Germania,
521 1115 613 1153 tum
653 1109 697 1152 in
738 1108 882 1161 L'rbe3
925 1108 1258 1162 timendumque
1294 1123 1349 1152 ne
1384 1109 1689 1162 ingravescat;

235 1209 381 1249 neque
425 1195 627 1250 Europae
667 1195 828 1240 finibus
869 1196 1136 1249 continetur,
1179 1195 1256 1239 sed
1297 1195 1435 1239 saevit
1474 1195 1604 1240 etiam
1645 1195 1690 1239 in

240 1282 456 1326 America.

161 1367 242 1411 4-5.
277 1368 324 1411 In
354 1367 485 1411 tantis
515 1366 833 1411 calamitatibus
864 1367 1026 1411 solacio
1059 1367 1113 1411 sit
1142 1366 1269 1411 nobis
1292 1381 1406 1411 nova
1425 1367 1688 1411 beatificatio

242 1453 357 1496 Petri
388 1453 530 1496 Fabri.
555 1452 684 1496 Cuius
716 1452 988 1496 aemulemur
1016 1453 1217 1504 virtutes,
1243 1466 1293 1496 eo
1325 1453 1570 1497 ferventius
1603 1467 1688 1506 quo

241 1545 443 1593 tempora
464 1539 686 1582 deteriora
708 1545 823 1591 sunt,
849 1538 1080 1592 vigilantes
1103 1545 1145 1582 et
1167 1545 1360 1583 orantes.

131 1675 267 1728 VIII.
297 1691 363 1728 AD
401 1690 594 1728 PATREs
633 1690 694 1728 ET
734 1690 963 1728 FRATRES
994 1689 1310 1742 SOCIETATIS,
1339 1676 1372 1730 5
1399 1692 1521 1729 nov.
1553 1674 1689 1730 «1873

325 1794 401 1849 De
425 1794 681 1849 Societate
708 1795 768 1848 in
794 1794 928 1848 Urbe
953 1801 1002 1848 et
1020 1794 1228 1848 dicione
1252 1795 1498 1849 Romana

565 1903 734 1965 (Tom.
762 1904 852 1970 III,
878 1921 966 1971 pp.
992 1902 1265 1970 233238.)

160 2043 241 2087 1-3.
266 2044 518 2098 Proscripta
538 2043 753 2087 Societate
788 2043 834 2087 in
869 2043 990 2088 L'rbe
1021 2050 1063 2087 et
1100 2044 1272 2087 dicione
1295 2043 1505 2097 Romana,
1523 2043 1690 2088 frustra

238 2130 440 2174 invocato
476 2130 722 2184 patrocinio
757 2136 1008 2173 exterorum
1046 2130 1314 2184 Principum,
1351 2129 1463 2174 Socii
1500 2129 1689 2184 dispersi

239 2222 282 2259 et
299 2215 580 2269 praepositus
602 2215 829 2258 Generalis
851 2214 1117 2258 Florentiam
1139 2215 1366 2269 profectus
1388 2221 1469 2258 est.

157 2301 241 2344 4-7.
285 2301 404 2353 Quae
439 2300 629 2353 afflictio,
668 2301 948 2354 quantumvis
986 2315 1161 2355 magna,
1204 2314 1260 2345 ne
1301 2301 1470 2344 animos
1515 2301 1686 2353 deiciat,

240 2386 364 2430 adest
384 2386 609 2439 solacium,
633 2391 677 2430 et
707 2399 809 2440 spes
838 2400 997 2440 preces
1028 2386 1207 2431 salutari
1229 2400 1308 2431 suo
1331 2387 1490 2431 effectu
1510 2387 1689 2431 minime

241 2472 500 2517 frustratum
522 2472 590 2516 iri.

132 2610 216 2664 IX.
258 2626 323 2663 AD
362 2626 556 2663 PATRES
594 2625 656 2662 ET
694 2625 923 2663 FRATRES
962 2625 1276 2677 somETAT1S‚
1306 2609 1373 2664 10
1410 2611 1523 2665 dec,
1554 2609 1690 2665 1875

267 2730 343 2784 De
363 2731 680 2784 animarum
702 2731 806 2784 zelo
826 2736 874 2783 et
898 2731 960 2784 de
987 2731 1194 2784 ratione
1213 2748 1300 2784 eas
1322 2731 1552 2784 iuvandi

558 2839 728 2906 (Tom.
755 2839 844 2905 Ill,
869 2857 958 2908 pp.
984 2838 1255 2906 238-267.)

159 2980 242 3023 1-4.
281 2978 518 3033 Epistolam
550 2979 773 3023 scribendi
811 2980 939 3029 ratio,
975 2994 1048 3024 res
1088 2980 1316 3024 Societatis
1348 2981 1546 3025 afflictae.
1583 2981 1686 3026 Eius

240 3064 353 3108 mala
387 3077 474 3117 qua
508 3070 674 3117 nostra,
711 3064 884 3109 fortiter
916 3066 1120 3119 ferenda;
1164 3080 1250 3119 qua
1283 3066 1396 3109 mala
1430 3066 1684 3120 Religionis,

241 3148 443 3202 dolenda,
466 3148 606 3192 zelum
628 3155 828 3194 nostrum
851 3151 1042 3196 excitare
1064 3151 1241 3196 dehent.
