<?xml version="1.0" encoding="UTF-8"?>
<!DOCTYPE html PUBLIC "-//W3C//DTD XHTML 1.0 Transitional//EN"
    "http://www.w3.org/TR/xhtml1/DTD/xhtml1-transitional.dtd">
<html xmlns="http://www.w3.org/1999/xhtml" xml:lang="en" lang="en">
 <head>
  <title>
</title>
<meta http-equiv="Content-Type" content="text/html;charset=utf-8" />
  <meta name='ocr-system' content='tesseract 3.04.00' />
  <meta name='ocr-capabilities' content='ocr_page ocr_carea ocr_par ocr_line ocrx_word'/>
</head>
<body>
  <div class='ocr_page' id='page_1' title='image "./epistolaepraepos04jesu_0041.png"; bbox 0 0 2315 3559; ppageno 0'>
   <div class='ocr_carea' id='block_1_1' title="bbox 332 215 1744 269">
    <p class='ocr_par' dir='ltr' id='par_1_1' title="bbox 332 215 1744 269">
     <span class='ocr_line' id='line_1_1' title="bbox 332 215 1744 269; baseline 0.007 -10"><span class='ocrx_word' id='word_1_1' title='bbox 332 223 398 260; x_wconf 85' lang='lat' dir='ltr'>DE</span> <span class='ocrx_word' id='word_1_2' title='bbox 425 223 502 260; x_wconf 90' lang='lat' dir='ltr'>BB.</span> <span class='ocrx_word' id='word_1_3' title='bbox 534 223 659 260; x_wconf 74' lang='lat' dir='ltr'>Emi.</span> <span class='ocrx_word' id='word_1_4' title='bbox 691 223 939 261; x_wconf 62' lang='lat' dir='ltr'>uuirt-im</span> <span class='ocrx_word' id='word_1_5' title='bbox 967 225 1029 261; x_wconf 85' lang='lat' dir='ltr'>ET</span> <span class='ocrx_word' id='word_1_6' title='bbox 1056 223 1315 263; x_wconf 72' lang='lat' dir='ltr'>socloami</span> <span class='ocrx_word' id='word_1_7' title='bbox 1347 227 1607 267; x_wconf 70' lang='lat' dir='ltr'>MARTYRIO</span> <span class='ocrx_word' id='word_1_8' title='bbox 1680 215 1744 269; x_wconf 72' lang='lat'>029</span> 
     </span>
    </p>
   </div>
   <div class='ocr_carea' id='block_1_2' title="bbox 186 365 1749 3203">
    <p class='ocr_par' dir='ltr' id='par_1_2' title="bbox 191 365 1747 927">
     <span class='ocr_line' id='line_1_2' title="bbox 195 365 1746 435; baseline 0.005 -16"><span class='ocrx_word' id='word_1_9' title='bbox 195 365 429 420; x_wconf 72' lang='lat' dir='ltr'>invidiae</span> <span class='ocrx_word' id='word_1_10' title='bbox 465 368 777 421; x_wconf 85' lang='lat' dir='ltr'>conflandae</span> <span class='ocrx_word' id='word_1_11' title='bbox 805 368 858 420; x_wconf 92' lang='lat' dir='ltr'>in</span> <span class='ocrx_word' id='word_1_12' title='bbox 888 369 1076 433; x_wconf 75' lang='lat' dir='ltr'>vulgus</span> <span class='ocrx_word' id='word_1_13' title='bbox 1102 369 1293 435; x_wconf 81' lang='lat' dir='ltr'>gratia,</span> <span class='ocrx_word' id='word_1_14' title='bbox 1325 369 1530 424; x_wconf 85' lang='lat' dir='ltr'>Summi</span> <span class='ocrx_word' id='word_1_15' title='bbox 1571 372 1746 426; x_wconf 86' lang='lat' dir='ltr'>Ponti-</span> 
     </span>
     <span class='ocr_line' id='line_1_3' title="bbox 194 465 1745 534; baseline 0.004 -16"><span class='ocrx_word' id='word_1_16' title='bbox 194 465 308 518; x_wconf 87' lang='lat' dir='ltr'>ficis</span> <span class='ocrx_word' id='word_1_17' title='bbox 330 483 549 518; x_wconf 91' lang='lat' dir='ltr'>manum</span> <span class='ocrx_word' id='word_1_18' title='bbox 569 467 838 519; x_wconf 79' lang='lat' dir='ltr'>dexteram</span> <span class='ocrx_word' id='word_1_19' title='bbox 858 467 1253 534; x_wconf 78' lang='lat' dir='ltr'>nuncupabant.</span> <span class='ocrx_word' id='word_1_20' title='bbox 1274 468 1411 522; x_wconf 90' lang='lat' dir='ltr'>Haec</span> <span class='ocrx_word' id='word_1_21' title='bbox 1434 470 1498 523; x_wconf 91' lang='lat' dir='ltr'>ad</span> <span class='ocrx_word' id='word_1_22' title='bbox 1525 470 1745 524; x_wconf 80' lang='lat' dir='ltr'>verbum</span> 
     </span>
     <span class='ocr_line' id='line_1_4' title="bbox 195 564 1745 633; baseline 0.003 -17"><span class='ocrx_word' id='word_1_23' title='bbox 195 564 303 617; x_wconf 84' lang='lat' dir='ltr'>sere</span> <span class='ocrx_word' id='word_1_24' title='bbox 341 573 522 617; x_wconf 88' lang='lat' dir='ltr'>narrat</span> <span class='ocrx_word' id='word_1_25' title='bbox 567 564 876 619; x_wconf 90' lang='lat' dir='ltr'>Bombinus.</span> <span class='ocrx_word' id='word_1_26' title='bbox 918 566 1032 619; x_wconf 82' lang='lat' dir='ltr'>Alia</span> <span class='ocrx_word' id='word_1_27' title='bbox 1078 575 1383 633; x_wconf 87' lang='lat' dir='ltr'>praetereo;</span> <span class='ocrx_word' id='word_1_28' title='bbox 1432 568 1558 620; x_wconf 88' lang='lat' dir='ltr'>satis</span> <span class='ocrx_word' id='word_1_29' title='bbox 1603 569 1745 622; x_wconf 92' lang='lat' dir='ltr'>enim</span> 
     </span>
     <span class='ocr_line' id='line_1_5' title="bbox 193 663 1747 732; baseline 0.003 -17"><span class='ocrx_word' id='word_1_30' title='bbox 193 671 416 729; x_wconf 89' lang='lat' dir='ltr'>constat,</span> <span class='ocrx_word' id='word_1_31' title='bbox 477 663 532 717; x_wconf 91' lang='lat' dir='ltr'>B.</span> <span class='ocrx_word' id='word_1_32' title='bbox 592 663 956 730; x_wconf 88' lang='lat' dir='ltr'>Edmundum,</span> <span class='ocrx_word' id='word_1_33' title='bbox 1017 664 1271 732; x_wconf 80' lang='lat' dir='ltr'>idemque</span> <span class='ocrx_word' id='word_1_34' title='bbox 1332 665 1618 719; x_wconf 88' lang='lat' dir='ltr'>dicendum</span> <span class='ocrx_word' id='word_1_35' title='bbox 1682 667 1747 720; x_wconf 90' lang='lat' dir='ltr'>de</span> 
     </span>
     <span class='ocr_line' id='line_1_6' title="bbox 192 760 1747 831; baseline 0.002 -17"><span class='ocrx_word' id='word_1_36' title='bbox 192 760 377 828; x_wconf 79' lang='lat' dir='ltr'>SociiS,</span> <span class='ocrx_word' id='word_1_37' title='bbox 409 770 696 830; x_wconf 85' lang='lat' dir='ltr'>martyrem</span> <span class='ocrx_word' id='word_1_38' title='bbox 736 763 842 815; x_wconf 88' lang='lat' dir='ltr'>iam</span> <span class='ocrx_word' id='word_1_39' title='bbox 882 763 1063 829; x_wconf 81' lang='lat' dir='ltr'>fuisse,</span> <span class='ocrx_word' id='word_1_40' title='bbox 1101 772 1389 830; x_wconf 76' lang='lat' dir='ltr'>antequam</span> <span class='ocrx_word' id='word_1_41' title='bbox 1428 765 1747 831; x_wconf 75' lang='lat' dir='ltr'>compressis</span> 
     </span>
     <span class='ocr_line' id='line_1_7' title="bbox 191 860 981 927; baseline 0.003 -15"><span class='ocrx_word' id='word_1_42' title='bbox 191 860 383 927; x_wconf 78' lang='lat' dir='ltr'>laqueo</span> <span class='ocrx_word' id='word_1_43' title='bbox 411 861 649 913; x_wconf 77' lang='lat' dir='ltr'>saucibus</span> <span class='ocrx_word' id='word_1_44' title='bbox 677 860 981 915; x_wconf 88' lang='lat' dir='ltr'>elideretur.</span> 
     </span>
    </p>

    <p class='ocr_par' dir='ltr' id='par_1_3' title="bbox 188 959 1749 2993">
     <span class='ocr_line' id='line_1_8' title="bbox 259 959 1748 1029; baseline 0.002 -17"><span class='ocrx_word' id='word_1_45' title='bbox 259 960 308 1012; x_wconf 73' lang='lat'>4.</span> <span class='ocrx_word' id='word_1_46' title='bbox 351 959 456 1012; x_wconf 80' lang='lat' dir='ltr'>Nos</span> <span class='ocrx_word' id='word_1_47' title='bbox 496 959 679 1025; x_wconf 81' lang='lat' dir='ltr'>igitur,</span> <span class='ocrx_word' id='word_1_48' title='bbox 721 961 764 1013; x_wconf 88' lang='lat' dir='ltr'>si</span> <span class='ocrx_word' id='word_1_49' title='bbox 802 960 1007 1014; x_wconf 80' lang='lat' dir='ltr'>cruenti</span> <span class='ocrx_word' id='word_1_50' title='bbox 1047 961 1289 1028; x_wconf 89' lang='lat' dir='ltr'>martyrii</span> <span class='ocrx_word' id='word_1_51' title='bbox 1327 961 1556 1027; x_wconf 81' lang='lat' dir='ltr'>gloriam</span> <span class='ocrx_word' id='word_1_52' title='bbox 1595 978 1748 1029; x_wconf 81' lang='lat' dir='ltr'>expe-</span> 
     </span>
     <span class='ocr_line' id='line_1_9' title="bbox 192 1057 1746 1123; baseline 0.003 -14"><span class='ocrx_word' id='word_1_53' title='bbox 192 1057 374 1123; x_wconf 75' lang='lat' dir='ltr'>timus,</span> <span class='ocrx_word' id='word_1_54' title='bbox 405 1058 744 1112; x_wconf 89' lang='lat' dir='ltr'>incruentum</span> <span class='ocrx_word' id='word_1_55' title='bbox 772 1060 871 1113; x_wconf 89' lang='lat' dir='ltr'>hoc</span> <span class='ocrx_word' id='word_1_56' title='bbox 898 1059 1078 1113; x_wconf 87' lang='lat' dir='ltr'>subire</span> <span class='ocrx_word' id='word_1_57' title='bbox 1105 1077 1169 1113; x_wconf 93' lang='lat' dir='ltr'>ne</span> <span class='ocrx_word' id='word_1_58' title='bbox 1197 1060 1504 1113; x_wconf 87' lang='lat' dir='ltr'>dubitemus</span> <span class='ocrx_word' id='word_1_59' title='bbox 1531 1078 1540 1113; x_wconf 92' lang='lat'><strong>:</strong></span> <span class='ocrx_word' id='word_1_60' title='bbox 1567 1075 1592 1107; x_wconf 85' lang='grc'>((</span> <span class='ocrx_word' id='word_1_61' title='bbox 1622 1061 1746 1113; x_wconf 92' lang='lat' dir='ltr'>hor-</span> 
     </span>
     <span class='ocr_line' id='line_1_10' title="bbox 191 1157 1743 1223; baseline 0.003 -16"><span class='ocrx_word' id='word_1_62' title='bbox 191 1172 312 1208; x_wconf 90' lang='lat' dir='ltr'>rore</span> <span class='ocrx_word' id='word_1_63' title='bbox 351 1157 570 1223; x_wconf 90' lang='lat' dir='ltr'>quidem</span> <span class='ocrx_word' id='word_1_64' title='bbox 610 1157 813 1223; x_wconf 84' lang='lat' dir='ltr'>mitius,</span> <span class='ocrx_word' id='word_1_65' title='bbox 855 1160 946 1212; x_wconf 88' lang='lat' dir='ltr'>sed</span> <span class='ocrx_word' id='word_1_66' title='bbox 987 1158 1340 1212; x_wconf 82' lang='lat' dir='ltr'>diuturnitate</span> <span class='ocrx_word' id='word_1_67' title='bbox 1379 1159 1674 1212; x_wconf 74' lang='lat' dir='ltr'>molestius„</span> <span class='ocrx_word' id='word_1_68' title='bbox 1718 1178 1743 1211; x_wconf 87' lang='grc'>))</span> 
     </span>
     <span class='ocr_line' id='line_1_11' title="bbox 195 1253 1741 1325; baseline 0.003 -19"><span class='ocrx_word' id='word_1_69' title='bbox 195 1253 308 1307; x_wconf 69' lang='lat' dir='ltr'>Vita</span> <span class='ocrx_word' id='word_1_70' title='bbox 335 1254 477 1308; x_wconf 92' lang='lat' dir='ltr'>enim</span> <span class='ocrx_word' id='word_1_71' title='bbox 506 1256 756 1322; x_wconf 81' lang='lat' dir='ltr'>religiosa</span> <span class='ocrx_word' id='word_1_72' title='bbox 783 1258 902 1324; x_wconf 84' lang='lat' dir='ltr'>hoc,</span> <span class='ocrx_word' id='word_1_73' title='bbox 934 1258 1046 1311; x_wconf 84' lang='lat' dir='ltr'>sine</span> <span class='ocrx_word' id='word_1_74' title='bbox 1073 1274 1282 1323; x_wconf 87' lang='lat' dir='ltr'>cruore,</span> <span class='ocrx_word' id='word_1_75' title='bbox 1307 1258 1618 1325; x_wconf 83' lang='lat' dir='ltr'>Martyrium</span> <span class='ocrx_word' id='word_1_76' title='bbox 1647 1266 1741 1311; x_wconf 90' lang='lat' dir='ltr'>est.</span> 
     </span>
     <span class='ocr_line' id='line_1_12' title="bbox 191 1352 1747 1424; baseline 0.003 -19"><span class='ocrx_word' id='word_1_77' title='bbox 191 1352 500 1420; x_wconf 71' lang='lat' dir='ltr'>Martyrium</span> <span class='ocrx_word' id='word_1_78' title='bbox 524 1355 724 1423; x_wconf 86' lang='lat' dir='ltr'>quippe</span> <span class='ocrx_word' id='word_1_79' title='bbox 751 1365 829 1409; x_wconf 84' lang='lat' dir='ltr'>est</span> <span class='ocrx_word' id='word_1_80' title='bbox 856 1358 1102 1423; x_wconf 82' lang='lat' dir='ltr'>tolerare,</span> <span class='ocrx_word' id='word_1_81' title='bbox 1127 1357 1304 1424; x_wconf 88' lang='lat' dir='ltr'>quoad</span> <span class='ocrx_word' id='word_1_82' title='bbox 1334 1356 1584 1422; x_wconf 76' lang='lat' dir='ltr'>vivimus,</span> <span class='ocrx_word' id='word_1_83' title='bbox 1610 1374 1747 1424; x_wconf 90' lang='lat' dir='ltr'>quae</span> 
     </span>
     <span class='ocr_line' id='line_1_13' title="bbox 191 1454 1745 1522; baseline 0.004 -19"><span class='ocrx_word' id='word_1_84' title='bbox 191 1462 313 1505; x_wconf 88' lang='lat' dir='ltr'>sunt</span> <span class='ocrx_word' id='word_1_85' title='bbox 331 1454 553 1507; x_wconf 71' lang='lat' dir='ltr'>adversa</span> <span class='ocrx_word' id='word_1_86' title='bbox 572 1462 811 1520; x_wconf 85' lang='lat' dir='ltr'>naturae,</span> <span class='ocrx_word' id='word_1_87' title='bbox 830 1455 1094 1522; x_wconf 87' lang='lat' dir='ltr'>patienter</span> <span class='ocrx_word' id='word_1_88' title='bbox 1115 1464 1165 1509; x_wconf 90' lang='lat' dir='ltr'>et</span> <span class='ocrx_word' id='word_1_89' title='bbox 1186 1455 1415 1509; x_wconf 85' lang='lat' dir='ltr'>assidue.</span> <span class='ocrx_word' id='word_1_90' title='bbox 1436 1455 1745 1522; x_wconf 70' lang='lat' dir='ltr'>Martyrium</span> 
     </span>
     <span class='ocr_line' id='line_1_14' title="bbox 190 1553 1749 1620; baseline 0.002 -16"><span class='ocrx_word' id='word_1_91' title='bbox 190 1567 304 1604; x_wconf 87' lang='lat' dir='ltr'>esse</span> <span class='ocrx_word' id='word_1_92' title='bbox 319 1560 491 1618; x_wconf 89' lang='lat' dir='ltr'>potest</span> <span class='ocrx_word' id='word_1_93' title='bbox 511 1553 873 1620; x_wconf 81' lang='lat' dir='ltr'>pauperpatis,</span> <span class='ocrx_word' id='word_1_94' title='bbox 889 1554 1280 1619; x_wconf 84' lang='lat' dir='ltr'>oboedientiae,</span> <span class='ocrx_word' id='word_1_95' title='bbox 1295 1554 1572 1620; x_wconf 78' lang='lat' dir='ltr'>castitatiS,</span> <span class='ocrx_word' id='word_1_96' title='bbox 1591 1554 1749 1608; x_wconf 88' lang='lat' dir='ltr'>disci-</span> 
     </span>
     <span class='ocr_line' id='line_1_15' title="bbox 191 1650 1746 1718; baseline 0.002 -15"><span class='ocrx_word' id='word_1_97' title='bbox 191 1650 366 1717; x_wconf 88' lang='lat' dir='ltr'>plinae</span> <span class='ocrx_word' id='word_1_98' title='bbox 405 1651 747 1718; x_wconf 77' lang='lat' dir='ltr'>domesticae,</span> <span class='ocrx_word' id='word_1_99' title='bbox 795 1653 1089 1706; x_wconf 73' lang='lat' dir='ltr'>mansionis</span> <span class='ocrx_word' id='word_1_100' title='bbox 1128 1653 1182 1706; x_wconf 91' lang='lat' dir='ltr'>in</span> <span class='ocrx_word' id='word_1_101' title='bbox 1221 1653 1352 1706; x_wconf 89' lang='lat' dir='ltr'>urbe</span> <span class='ocrx_word' id='word_1_102' title='bbox 1390 1652 1616 1718; x_wconf 79' lang='lat' dir='ltr'>ignobili</span> <span class='ocrx_word' id='word_1_103' title='bbox 1666 1655 1746 1706; x_wconf 77' lang='lat' dir='ltr'>vel</span> 
     </span>
     <span class='ocr_line' id='line_1_16' title="bbox 190 1749 1748 1818; baseline 0.002 -16"><span class='ocrx_word' id='word_1_104' title='bbox 190 1749 320 1803; x_wconf 91' lang='lat' dir='ltr'>ruri.</span> <span class='ocrx_word' id='word_1_105' title='bbox 369 1750 679 1817; x_wconf 72' lang='lat' dir='ltr'>Martyrium</span> <span class='ocrx_word' id='word_1_106' title='bbox 730 1769 885 1818; x_wconf 86' lang='lat' dir='ltr'>saepe</span> <span class='ocrx_word' id='word_1_107' title='bbox 934 1760 1013 1805; x_wconf 91' lang='lat' dir='ltr'>est</span> <span class='ocrx_word' id='word_1_108' title='bbox 1062 1752 1266 1805; x_wconf 92' lang='lat' dir='ltr'>humile</span> <span class='ocrx_word' id='word_1_109' title='bbox 1316 1752 1571 1818; x_wconf 86' lang='lat' dir='ltr'>officium,</span> <span class='ocrx_word' id='word_1_110' title='bbox 1625 1752 1748 1805; x_wconf 88' lang='lat' dir='ltr'>soli-</span> 
     </span>
     <span class='ocr_line' id='line_1_17' title="bbox 189 1849 1746 1919; baseline 0.003 -18"><span class='ocrx_word' id='word_1_111' title='bbox 189 1850 338 1914; x_wconf 84' lang='lat' dir='ltr'>tudO,</span> <span class='ocrx_word' id='word_1_112' title='bbox 369 1849 671 1903; x_wconf 90' lang='lat' dir='ltr'>litterarum</span> <span class='ocrx_word' id='word_1_113' title='bbox 699 1851 956 1905; x_wconf 90' lang='lat' dir='ltr'>studium.</span> <span class='ocrx_word' id='word_1_114' title='bbox 1002 1852 1060 1905; x_wconf 93' lang='lat' dir='ltr'>ln</span> <span class='ocrx_word' id='word_1_115' title='bbox 1100 1851 1342 1919; x_wconf 86' lang='lat' dir='ltr'>martyrii</span> <span class='ocrx_word' id='word_1_116' title='bbox 1371 1851 1603 1918; x_wconf 92' lang='lat' dir='ltr'>denique</span> <span class='ocrx_word' id='word_1_117' title='bbox 1630 1852 1746 1905; x_wconf 90' lang='lat' dir='ltr'>loco</span> 
     </span>
     <span class='ocr_line' id='line_1_18' title="bbox 188 1952 1745 2020; baseline 0.002 -17"><span class='ocrx_word' id='word_1_118' title='bbox 188 1952 435 2017; x_wconf 89' lang='lat' dir='ltr'>ponenda</span> <span class='ocrx_word' id='word_1_119' title='bbox 473 1960 614 2017; x_wconf 84' lang='lat' dir='ltr'>sunt,</span> <span class='ocrx_word' id='word_1_120' title='bbox 645 1970 782 2019; x_wconf 91' lang='lat' dir='ltr'>quae</span> <span class='ocrx_word' id='word_1_121' title='bbox 819 1953 1168 2020; x_wconf 89' lang='lat' dir='ltr'>promisimus</span> <span class='ocrx_word' id='word_1_122' title='bbox 1207 1971 1303 2007; x_wconf 87' lang='lat' dir='ltr'>nos</span> <span class='ocrx_word' id='word_1_123' title='bbox 1342 1954 1592 2019; x_wconf 85' lang='lat' dir='ltr'>facturos,</span> <span class='ocrx_word' id='word_1_124' title='bbox 1622 1971 1745 2006; x_wconf 92' lang='lat' dir='ltr'>cum</span> 
     </span>
     <span class='ocr_line' id='line_1_19' title="bbox 188 2049 1746 2119; baseline 0.003 -17"><span class='ocrx_word' id='word_1_125' title='bbox 188 2049 243 2112; x_wconf 84' lang='lat' dir='ltr'>in</span> <span class='ocrx_word' id='word_1_126' title='bbox 270 2049 588 2105; x_wconf 86' lang='lat' dir='ltr'>Societatem</span> <span class='ocrx_word' id='word_1_127' title='bbox 625 2060 1019 2119; x_wconf 90' lang='lat' dir='ltr'>cooptaremur.</span> <span class='ocrx_word' id='word_1_128' title='bbox 1051 2052 1361 2115; x_wconf 83' lang='lat' dir='ltr'>Quaesitum</span> <span class='ocrx_word' id='word_1_129' title='bbox 1401 2061 1479 2106; x_wconf 91' lang='lat' dir='ltr'>est</span> <span class='ocrx_word' id='word_1_130' title='bbox 1516 2070 1576 2106; x_wconf 80' lang='lat' dir='ltr'>ex</span> <span class='ocrx_word' id='word_1_131' title='bbox 1615 2070 1746 2106; x_wconf 90' lang='lat' dir='ltr'>uno-</span> 
     </span>
     <span class='ocr_line' id='line_1_20' title="bbox 188 2151 1740 2219; baseline 0.002 -18"><span class='ocrx_word' id='word_1_132' title='bbox 188 2165 404 2216; x_wconf 91' lang='lat' dir='ltr'>quoque</span> <span class='ocrx_word' id='word_1_133' title='bbox 431 2158 674 2203; x_wconf 92' lang='lat' dir='ltr'>nostrum</span> <span class='ocrx_word' id='word_1_134' title='bbox 715 2165 741 2197; x_wconf 83' lang='lat'>((</span> <span class='ocrx_word' id='word_1_135' title='bbox 781 2169 847 2204; x_wconf 85' lang='lat' dir='ltr'>an</span> <span class='ocrx_word' id='word_1_136' title='bbox 886 2151 1202 2217; x_wconf 75' lang='lat' dir='ltr'>decreverit,</span> <span class='ocrx_word' id='word_1_137' title='bbox 1246 2159 1571 2219; x_wconf 89' lang='lat' dir='ltr'>paratusque</span> <span class='ocrx_word' id='word_1_138' title='bbox 1610 2151 1740 2204; x_wconf 90' lang='lat' dir='ltr'>sit...</span> 
     </span>
     <span class='ocr_line' id='line_1_21' title="bbox 190 2246 1746 2317; baseline 0.003 -19"><span class='ocrx_word' id='word_1_139' title='bbox 190 2265 216 2298; x_wconf 83' lang='lat'>»</span> <span class='ocrx_word' id='word_1_140' title='bbox 256 2246 498 2315; x_wconf 87' lang='lat' dir='ltr'>iniurias,</span> <span class='ocrx_word' id='word_1_141' title='bbox 529 2248 802 2303; x_wconf 89' lang='lat' dir='ltr'>illusiones</span> <span class='ocrx_word' id='word_1_142' title='bbox 829 2257 881 2303; x_wconf 92' lang='lat' dir='ltr'>et</span> <span class='ocrx_word' id='word_1_143' title='bbox 907 2250 1197 2317; x_wconf 88' lang='lat' dir='ltr'>opprobria</span> <span class='ocrx_word' id='word_1_144' title='bbox 1224 2250 1278 2303; x_wconf 92' lang='lat' dir='ltr'>in</span> <span class='ocrx_word' id='word_1_145' title='bbox 1305 2249 1500 2304; x_wconf 85' lang='lat' dir='ltr'>Christi</span> <span class='ocrx_word' id='word_1_146' title='bbox 1523 2249 1746 2316; x_wconf 81' lang='lat' dir='ltr'>insigni-</span> 
     </span>
     <span class='ocr_line' id='line_1_22' title="bbox 189 2346 1739 2417; baseline 0.003 -20"><span class='ocrx_word' id='word_1_147' title='bbox 189 2364 216 2398; x_wconf 86' lang='grc'>)&gt;</span> <span class='ocrx_word' id='word_1_148' title='bbox 255 2346 353 2398; x_wconf 89' lang='lat' dir='ltr'>hus</span> <span class='ocrx_word' id='word_1_149' title='bbox 388 2346 590 2401; x_wconf 88' lang='lat' dir='ltr'>inclusa</span> <span class='ocrx_word' id='word_1_150' title='bbox 628 2357 678 2401; x_wconf 92' lang='lat' dir='ltr'>et</span> <span class='ocrx_word' id='word_1_151' title='bbox 716 2349 819 2402; x_wconf 90' lang='lat' dir='ltr'>alia</span> <span class='ocrx_word' id='word_1_152' title='bbox 853 2349 1092 2416; x_wconf 78' lang='lat' dir='ltr'>quaevis⁷</span> <span class='ocrx_word' id='word_1_153' title='bbox 1134 2367 1272 2417; x_wconf 90' lang='lat' dir='ltr'>quae</span> <span class='ocrx_word' id='word_1_154' title='bbox 1310 2349 1358 2403; x_wconf 92' lang='lat' dir='ltr'>ei</span> <span class='ocrx_word' id='word_1_155' title='bbox 1396 2349 1739 2413; x_wconf 80' lang='lat' dir='ltr'>inferrentur,</span> 
     </span>
     <span class='ocr_line' id='line_1_23' title="bbox 190 2444 1742 2516; baseline 0.004 -20"><span class='ocrx_word' id='word_1_156' title='bbox 190 2462 215 2495; x_wconf 80' lang='grc'>))</span> <span class='ocrx_word' id='word_1_157' title='bbox 256 2444 367 2498; x_wconf 80' lang='lat' dir='ltr'>sive</span> <span class='ocrx_word' id='word_1_158' title='bbox 394 2463 489 2512; x_wconf 92' lang='lat' dir='ltr'>per</span> <span class='ocrx_word' id='word_1_159' title='bbox 515 2447 760 2514; x_wconf 68' lang='lat' dir='ltr'>quemvis</span> <span class='ocrx_word' id='word_1_160' title='bbox 800 2465 860 2501; x_wconf 79' lang='lat' dir='ltr'>ex</span> <span class='ocrx_word' id='word_1_161' title='bbox 898 2449 1060 2502; x_wconf 92' lang='lat' dir='ltr'>domo</span> <span class='ocrx_word' id='word_1_162' title='bbox 1101 2450 1181 2502; x_wconf 77' lang='lat' dir='ltr'>vel</span> <span class='ocrx_word' id='word_1_163' title='bbox 1220 2448 1482 2502; x_wconf 85' lang='lat' dir='ltr'>Societate</span> <span class='ocrx_word' id='word_1_164' title='bbox 1519 2448 1596 2515; x_wconf 92' lang='lat' dir='ltr'>(in</span> <span class='ocrx_word' id='word_1_165' title='bbox 1636 2466 1742 2516; x_wconf 87' lang='lat' dir='ltr'>qua</span> 
     </span>
     <span class='ocr_line' id='line_1_24' title="bbox 189 2544 1740 2601; baseline 0.003 -6"><span class='ocrx_word' id='word_1_166' title='bbox 189 2561 215 2594; x_wconf 76' lang='lat'>»</span> <span class='ocrx_word' id='word_1_167' title='bbox 256 2544 510 2598; x_wconf 88' lang='lat' dir='ltr'>oboedire</span> <span class='ocrx_word' id='word_1_168' title='bbox 536 2554 587 2599; x_wconf 90' lang='lat' dir='ltr'>et</span> <span class='ocrx_word' id='word_1_169' title='bbox 614 2546 889 2600; x_wconf 87' lang='lat' dir='ltr'>humiliari</span> <span class='ocrx_word' id='word_1_170' title='bbox 933 2565 991 2600; x_wconf 89' lang='lat' dir='ltr'>ac</span> <span class='ocrx_word' id='word_1_171' title='bbox 1035 2556 1307 2601; x_wconf 88' lang='lat' dir='ltr'>aeternam</span> <span class='ocrx_word' id='word_1_172' title='bbox 1350 2547 1740 2601; x_wconf 90' lang='lat' dir='ltr'>beatitudinem</span> 
     </span>
     <span class='ocr_line' id='line_1_25' title="bbox 189 2643 1740 2713; baseline 0.003 -19"><span class='ocrx_word' id='word_1_173' title='bbox 189 2660 215 2694; x_wconf 87' lang='grc'>))</span> <span class='ocrx_word' id='word_1_174' title='bbox 255 2643 511 2711; x_wconf 88' lang='lat' dir='ltr'>consequi</span> <span class='ocrx_word' id='word_1_175' title='bbox 556 2644 790 2713; x_wconf 82' lang='lat' dir='ltr'>exoptat)</span> <span class='ocrx_word' id='word_1_176' title='bbox 834 2646 944 2699; x_wconf 75' lang='lat' dir='ltr'>sive</span> <span class='ocrx_word' id='word_1_177' title='bbox 995 2655 1140 2700; x_wconf 83' lang='lat' dir='ltr'>extra</span> <span class='ocrx_word' id='word_1_178' title='bbox 1189 2663 1307 2700; x_wconf 89' lang='lat' dir='ltr'>eam</span> <span class='ocrx_word' id='word_1_179' title='bbox 1357 2664 1452 2713; x_wconf 90' lang='lat' dir='ltr'>per</span> <span class='ocrx_word' id='word_1_180' title='bbox 1495 2646 1740 2713; x_wconf 74' lang='lat' dir='ltr'>quemvis</span> 
     </span>
     <span class='ocr_line' id='line_1_26' title="bbox 189 2741 1739 2812; baseline 0.003 -19"><span class='ocrx_word' id='word_1_181' title='bbox 189 2758 215 2792; x_wconf 84' lang='grc'>))</span> <span class='ocrx_word' id='word_1_182' title='bbox 258 2741 572 2808; x_wconf 79' lang='lat' dir='ltr'>viventium,</span> <span class='ocrx_word' id='word_1_183' title='bbox 603 2743 735 2796; x_wconf 93' lang='lat' dir='ltr'>nulli</span> <span class='ocrx_word' id='word_1_184' title='bbox 762 2745 963 2798; x_wconf 91' lang='lat' dir='ltr'>malum</span> <span class='ocrx_word' id='word_1_185' title='bbox 986 2762 1083 2812; x_wconf 93' lang='lat' dir='ltr'>pro</span> <span class='ocrx_word' id='word_1_186' title='bbox 1105 2746 1264 2811; x_wconf 81' lang='lat' dir='ltr'>maIO,</span> <span class='ocrx_word' id='word_1_187' title='bbox 1296 2744 1386 2798; x_wconf 89' lang='lat' dir='ltr'>sed</span> <span class='ocrx_word' id='word_1_188' title='bbox 1413 2744 1615 2798; x_wconf 90' lang='lat' dir='ltr'>bonum</span> <span class='ocrx_word' id='word_1_189' title='bbox 1642 2761 1739 2811; x_wconf 91' lang='lat' dir='ltr'>pro</span> 
     </span>
     <span class='ocr_line' id='line_1_27' title="bbox 189 2841 1739 2911; baseline 0.003 -21"><span class='ocrx_word' id='word_1_190' title='bbox 189 2857 215 2890; x_wconf 88' lang='grc'>))</span> <span class='ocrx_word' id='word_1_191' title='bbox 255 2841 396 2894; x_wconf 90' lang='lat' dir='ltr'>malo</span> <span class='ocrx_word' id='word_1_192' title='bbox 424 2842 717 2909; x_wconf 88' lang='lat' dir='ltr'>reddend0‚</span> <span class='ocrx_word' id='word_1_193' title='bbox 741 2843 1026 2897; x_wconf 85' lang='lat' dir='ltr'>admittere</span> <span class='ocrx_word' id='word_1_194' title='bbox 1053 2851 1104 2897; x_wconf 91' lang='lat' dir='ltr'>et</span> <span class='ocrx_word' id='word_1_195' title='bbox 1130 2843 1394 2911; x_wconf 90' lang='lat' dir='ltr'>patienter</span> <span class='ocrx_word' id='word_1_196' title='bbox 1419 2859 1541 2895; x_wconf 92' lang='lat' dir='ltr'>cum</span> <span class='ocrx_word' id='word_1_197' title='bbox 1568 2842 1739 2908; x_wconf 82' lang='lat' dir='ltr'>gratia</span> 
     </span>
     <span class='ocr_line' id='line_1_28' title="bbox 190 2938 591 2993; baseline 0.005 -4"><span class='ocrx_word' id='word_1_198' title='bbox 190 2956 216 2989; x_wconf 83' lang='grc'>))</span> <span class='ocrx_word' id='word_1_199' title='bbox 255 2938 348 2991; x_wconf 88' lang='lat' dir='ltr'>Dei</span> <span class='ocrx_word' id='word_1_200' title='bbox 376 2940 531 2993; x_wconf 87' lang='lat' dir='ltr'>ferre.</span> <span class='ocrx_word' id='word_1_201' title='bbox 566 2958 591 2991; x_wconf 73' lang='lat' dir='ltr'>D</span> 
     </span>
    </p>

    <p class='ocr_par' dir='ltr' id='par_1_4' title="bbox 186 3035 1738 3203">
     <span class='ocr_line' id='line_1_29' title="bbox 255 3035 1738 3105; baseline 0.001 -16"><span class='ocrx_word' id='word_1_202' title='bbox 255 3035 398 3099; x_wconf 86' lang='lat' dir='ltr'>Quae</span> <span class='ocrx_word' id='word_1_203' title='bbox 441 3037 622 3090; x_wconf 91' lang='lat' dir='ltr'>omnia</span> <span class='ocrx_word' id='word_1_204' title='bbox 677 3055 858 3091; x_wconf 88' lang='lat' dir='ltr'>rerum</span> <span class='ocrx_word' id='word_1_205' title='bbox 913 3040 1260 3102; x_wconf 84' lang='lat' dir='ltr'>adversarum</span> <span class='ocrx_word' id='word_1_206' title='bbox 1319 3056 1515 3105; x_wconf 82' lang='lat' dir='ltr'>genera</span> <span class='ocrx_word' id='word_1_207' title='bbox 1569 3038 1738 3091; x_wconf 86' lang='lat' dir='ltr'>consi-</span> 
     </span>
     <span class='ocr_line' id='line_1_30' title="bbox 186 3135 1737 3203; baseline -0.001 -14"><span class='ocrx_word' id='word_1_208' title='bbox 186 3135 379 3189; x_wconf 88' lang='lat' dir='ltr'>derans</span> <span class='ocrx_word' id='word_1_209' title='bbox 406 3135 455 3190; x_wconf 84' lang='lat' dir='ltr'>S.</span> <span class='ocrx_word' id='word_1_210' title='bbox 486 3136 743 3203; x_wconf 84' lang='lat' dir='ltr'>Ignatius‚</span> <span class='ocrx_word' id='word_1_211' title='bbox 774 3154 879 3190; x_wconf 93' lang='lat' dir='ltr'>non</span> <span class='ocrx_word' id='word_1_212' title='bbox 908 3139 1080 3191; x_wconf 88' lang='lat' dir='ltr'>solum</span> <span class='ocrx_word' id='word_1_213' title='bbox 1118 3139 1184 3192; x_wconf 91' lang='lat' dir='ltr'>ad</span> <span class='ocrx_word' id='word_1_214' title='bbox 1223 3137 1470 3191; x_wconf 87' lang='lat' dir='ltr'>laborum</span> <span class='ocrx_word' id='word_1_215' title='bbox 1509 3137 1737 3189; x_wconf 90' lang='lat' dir='ltr'>toleran-</span> 
     </span>
    </p>
   </div>
   <div class='ocr_carea' id='block_1_3' title="bbox 1791 394 2116 758">
    <p class='ocr_par' dir='ltr' id='par_1_5' title="bbox 1791 394 2116 758">
     <span class='ocr_line' id='line_1_31' title="bbox 1880 394 2031 426; baseline 0.02 -2"><span class='ocrx_word' id='word_1_216' title='bbox 1880 394 1971 426; x_wconf 73' lang='lat' dir='ltr'>Vita</span> <span class='ocrx_word' id='word_1_217' title='bbox 1995 397 2031 426; x_wconf 84' lang='lat' dir='ltr'>et</span> 
     </span>
     <span class='ocr_line' id='line_1_32' title="bbox 1832 438 2079 475; baseline 0.016 -11"><span class='ocrx_word' id='word_1_218' title='bbox 1832 438 2079 475; x_wconf 85' lang='lat' dir='ltr'>martyrium</span> 
     </span>
     <span class='ocr_line' id='line_1_33' title="bbox 1791 475 2114 518; baseline 0.015 -14"><span class='ocrx_word' id='word_1_219' title='bbox 1791 475 1905 507; x_wconf 84' lang='lat' dir='ltr'>Edm.</span> <span class='ocrx_word' id='word_1_220' title='bbox 1932 478 2114 518; x_wconf 81' lang='lat' dir='ltr'>campia-</span> 
     </span>
     <span class='ocr_line' id='line_1_34' title="bbox 1832 516 2081 558; baseline 0.02 -13"><span class='ocrx_word' id='word_1_221' title='bbox 1832 516 1874 546; x_wconf 90' lang='lat' dir='ltr'>ni</span> <span class='ocrx_word' id='word_1_222' title='bbox 1889 519 2081 558; x_wconf 79' lang='lat' dir='ltr'>Martyris</span> 
     </span>
     <span class='ocr_line' id='line_1_35' title="bbox 1822 559 2082 597; baseline 0.015 -11"><span class='ocrx_word' id='word_1_223' title='bbox 1822 559 1943 597; x_wconf 74' lang='lat' dir='ltr'>Angli</span> <span class='ocrx_word' id='word_1_224' title='bbox 1962 568 1981 590; x_wconf 87' lang='lat' dir='ltr'>e</span> <span class='ocrx_word' id='word_1_225' title='bbox 1999 562 2036 590; x_wconf 84' lang='lat' dir='ltr'>S.</span> <span class='ocrx_word' id='word_1_226' title='bbox 2054 561 2082 590; x_wconf 94' lang='lat'>1.</span> 
     </span>
     <span class='ocr_line' id='line_1_36' title="bbox 1792 600 2116 632; baseline 0.022 -7"><span class='ocrx_word' id='word_1_227' title='bbox 1792 600 1955 630; x_wconf 78' lang='lat' dir='ltr'>auctore</span> <span class='ocrx_word' id='word_1_228' title='bbox 1989 600 2116 632; x_wconf 79' lang='lat' dir='ltr'>Paulo</span> 
     </span>
     <span class='ocr_line' id='line_1_37' title="bbox 1854 640 2052 672; baseline 0.015 -3"><span class='ocrx_word' id='word_1_229' title='bbox 1854 640 2052 672; x_wconf 82' lang='lat' dir='ltr'>Bombino</span> 
     </span>
     <span class='ocr_line' id='line_1_38' title="bbox 1807 681 2103 713; baseline 0.017 -5"><span class='ocrx_word' id='word_1_230' title='bbox 1807 686 1853 709; x_wconf 81' lang='lat' dir='ltr'>ex</span> <span class='ocrx_word' id='word_1_231' title='bbox 1867 681 2007 711; x_wconf 75' lang='lat' dir='ltr'>eadem</span> <span class='ocrx_word' id='word_1_232' title='bbox 2021 690 2103 713; x_wconf 71' lang='lat' dir='ltr'>soc.</span> 
     </span>
     <span class='ocr_line' id='line_1_39' title="bbox 1827 721 2078 758; baseline 0.016 -8"><span class='ocrx_word' id='word_1_233' title='bbox 1827 729 1880 751; x_wconf 86' lang='lat' dir='ltr'>cc.</span> <span class='ocrx_word' id='word_1_234' title='bbox 1894 721 1941 758; x_wconf 84' lang='lat'>10,</span> <span class='ocrx_word' id='word_1_235' title='bbox 1960 723 2010 758; x_wconf 69' lang='lat'>14,</span> <span class='ocrx_word' id='word_1_236' title='bbox 2026 724 2078 754; x_wconf 67' lang='lat'>53.</span> 
     </span>
    </p>
   </div>
   <div class='ocr_carea' id='block_1_4' title="bbox 1792 1187 2118 1458">
    <p class='ocr_par' dir='ltr' id='par_1_6' title="bbox 1792 1187 2118 1350">
     <span class='ocr_line' id='line_1_40' title="bbox 1882 1187 2028 1231; baseline 0.014 -2"><span class='ocrx_word' id='word_1_237' title='bbox 1882 1187 2028 1231; x_wconf 87' lang='lat' dir='ltr'>mitius</span> 
     </span>
     <span class='ocr_line' id='line_1_41' title="bbox 1807 1242 2101 1295; baseline 0.003 -11"><span class='ocrx_word' id='word_1_238' title='bbox 1807 1242 2001 1295; x_wconf 89' lang='lat' dir='ltr'>quidem,</span> <span class='ocrx_word' id='word_1_239' title='bbox 2027 1242 2101 1285; x_wconf 88' lang='lat' dir='ltr'>sed</span> 
     </span>
     <span class='ocr_line' id='line_1_42' title="bbox 1792 1296 2118 1350; baseline 0.003 -11"><span class='ocrx_word' id='word_1_240' title='bbox 1792 1296 1980 1348; x_wconf 81' lang='lat' dir='ltr'>longius,</span> <span class='ocrx_word' id='word_1_241' title='bbox 2002 1298 2118 1350; x_wconf 89' lang='lat' dir='ltr'>posi-</span> 
     </span>
    </p>

    <p class='ocr_par' dir='ltr' id='par_1_7' title="bbox 1811 1351 2116 1458">
     <span class='ocr_line' id='line_1_43' title="bbox 1875 1351 2116 1404; baseline 0 -10"><span class='ocrx_word' id='word_1_242' title='bbox 1875 1358 1964 1394; x_wconf 88' lang='lat' dir='ltr'>tum</span> <span class='ocrx_word' id='word_1_243' title='bbox 1990 1351 2032 1394; x_wconf 87' lang='lat' dir='ltr'>in</span> <span class='ocrx_word' id='word_1_244' title='bbox 2063 1357 2116 1404; x_wconf 47' lang='grc' dir='ltr'>νέξ·</span> 
     </span>
     <span class='ocr_line' id='line_1_44' title="bbox 1811 1404 2103 1458; baseline 0.007 -11"><span class='ocrx_word' id='word_1_245' title='bbox 1811 1404 2103 1458; x_wconf 68' lang='lat' dir='ltr'>abnegafione</span> 
     </span>
    </p>
   </div>
   <div class='ocr_carea' id='block_1_5' title="bbox 1805 1481 2102 1594">
    <p class='ocr_par' dir='ltr' id='par_1_8' title="bbox 1805 1481 2102 1594">
     <span class='ocr_line' id='line_1_45' title="bbox 1833 1481 2082 1512; baseline 0.008 -2"><span class='ocrx_word' id='word_1_246' title='bbox 1833 1481 1870 1511; x_wconf 86' lang='lat' dir='ltr'>S.</span> <span class='ocrx_word' id='word_1_247' title='bbox 1887 1481 2082 1512; x_wconf 82' lang='lat' dir='ltr'>Bernard.</span> 
     </span>
     <span class='ocr_line' id='line_1_46' title="bbox 1805 1520 2102 1553; baseline 0.003 -1"><span class='ocrx_word' id='word_1_248' title='bbox 1805 1520 1986 1552; x_wconf 83' lang='lat' dir='ltr'>Sermon.</span> <span class='ocrx_word' id='word_1_249' title='bbox 2003 1522 2044 1552; x_wconf 82' lang='lat'>30</span> <span class='ocrx_word' id='word_1_250' title='bbox 2060 1523 2102 1553; x_wconf 85' lang='lat' dir='ltr'>in</span> 
     </span>
     <span class='ocr_line' id='line_1_47' title="bbox 1843 1563 2073 1594; baseline 0.004 -1"><span class='ocrx_word' id='word_1_251' title='bbox 1843 1563 1955 1594; x_wconf 82' lang='lat' dir='ltr'>Cant.</span> <span class='ocrx_word' id='word_1_252' title='bbox 1972 1571 2012 1594; x_wconf 86' lang='lat' dir='ltr'>n.</span> <span class='ocrx_word' id='word_1_253' title='bbox 2024 1563 2073 1594; x_wconf 82' lang='lat'>17.</span> 
     </span>
    </p>
   </div>
   <div class='ocr_carea' id='block_1_6' title="bbox 1782 2962 2106 3074">
    <p class='ocr_par' dir='ltr' id='par_1_9' title="bbox 1782 2962 2106 3074">
     <span class='ocr_line' id='line_1_48' title="bbox 1855 2962 2032 2992; baseline -0.006 0"><span class='ocrx_word' id='word_1_254' title='bbox 1855 2962 2032 2992; x_wconf 80' lang='lat' dir='ltr'>Examen</span> 
     </span>
     <span class='ocr_line' id='line_1_49' title="bbox 1782 3002 2106 3073; baseline 0.006 -41"><span class='ocrx_word' id='word_1_255' title='bbox 1782 3002 2020 3073; x_wconf 42' lang='lat' dir='ltr'>generals-c.</span> <span class='ocrx_word' id='word_1_256' title='bbox 2039 3003 2106 3034; x_wconf 76' lang='lat' dir='ltr'>IV.</span> 
     </span>
     <span class='ocr_line' id='line_1_50' title="bbox 1890 3052 1994 3074; baseline 0.01 -1"><span class='ocrx_word' id='word_1_257' title='bbox 1890 3052 1930 3074; x_wconf 86' lang='lat' dir='ltr'>n.</span> <span class='ocrx_word' id='word_1_258' title='bbox 1963 3057 1994 3074; x_wconf 58' lang='grc' dir='ltr'>υ.</span> 
     </span>
    </p>
   </div>
  </div>
 </body>
</html>
