2315 3559
491 223 594 278 442
1125 240 1218 277 INN
1245 253 1311 259 —-
1341 239 1429 277 INT

492 386 545 430 lis
565 385 780 430 habentes
801 385 1049 440 exemplum
1078 384 1236 428 Christi
1268 383 1442 428 Domini
1463 383 1534 437 (II,
1571 382 1665 436 131,
1700 382 1812 437 132),
1847 389 1890 427 et
1922 383 2060 427 omni-

493 486 653 526 genam
685 471 996 516 necessitatem
1020 481 1028 510 t
1056 472 1098 514 1Ο
1118 469 1180 513 Ne
1208 469 1542 524 praevaricetur
1572 469 1781 513 iudicium
1804 469 1875 524 (ΙΙ,
1899 468 1997 522 133)
2019 475 2062 513 et

493 557 690 602 Christus
710 557 871 602 iterum
893 556 1177 610 crucifigatur
1198 555 1242 599 in
1266 555 1407 599 servis
1431 555 1523 600 suis
1545 555 1617 609 (ΙΙ,
1643 553 1764 608 134);

548 643 593 687 20
613 642 670 687 Ut
690 656 845 687 omnes
878 641 1159 686 stimulentur
1190 640 1243 683 ad
1275 640 1597 694 perfectionem
1619 639 1691 693 (ΙΙ,
1725 638 1839 693 135),
1864 644 1908 683 et
1927 652 2063 683 unus-

496 730 686 786 quisque
709 729 875 774 habitet
897 728 977 772 sub
1000 727 1089 771 vite
1112 740 1191 771 sua
1212 726 1283 780 (ΙΙ,
1309 725 1432 779 136);

550 816 594 860 3⁰
614 815 671 860 Ut
691 815 842 870 gravia
863 815 1022 858 damna
1040 819 1409 868 praecaveantur,
1434 826 1546 857 neve
1576 810 1748 865 indigni
1776 810 2063 854 admittantur

495 905 550 949 ad
573 903 901 948 Professionem
923 901 995 955 (ΙΙ,
1022 900 1238 954 137-140).

550 990 645 1035 Non
666 989 851 1033 minoris
872 988 1084 1032 momenti
1106 993 1209 1032 sunt
1239 986 1577 1031 informationes
1609 985 1664 1029 de
1695 984 1895 1028 moribus
1930 997 2062 1038 quam

496 1080 551 1124 de
572 1077 775 1122 doctrina
790 1076 860 1129 (ΙΙ,
882 1075 1003 1129 144);
1025 1074 1131 1129 quin
1153 1074 1301 1128 potius
1318 1074 1450 1128 longe
1466 1071 1647 1117 maioris
1667 1071 1736 1125 (ΙΙ,
1756 1069 2064 1124 145,154,155).

498 1165 654 1210 Cetera
675 1163 766 1208 vid.
790 1164 935 1209 Vetus
954 1164 1105 1208 homo.

553 1300 892 1347 INNOCENTIA
926 1299 1154 1344 Societatis
1175 1299 1227 1352 (Ι,
1250 1297 1349 1351 391)
1370 1303 1458 1342 tam
1480 1296 1628 1341 multis
1659 1302 1883 1350 tamquam
1915 1293 2074 1338 atroci-

499 1389 583 1433 bus
618 1387 849 1432 calumuiis
885 1386 1083 1440 impetita
1116 1385 1190 1439 (II,
1221 1384 1317 1429 390.
1349 1383 1410 1428 Cf.
1442 1384 1474 1437 Ι,
1505 1382 1601 1437 288,
1633 1381 1728 1427 381.
1761 1381 1814 1436 ΙΙ,
1844 1380 1939 1434 315,
1975 1380 2073 1433 457)

503 1488 745 1529 numquam
776 1473 938 1517 clarius
968 1471 1109 1526 patuit
1147 1484 1278 1525 quam
1309 1485 1409 1515 cum
1449 1483 1607 1514 eversa
1643 1468 1724 1513 fuit
1753 1467 1824 1521 (ΙΙ,
1857 1465 2072 1519 390-393).

504 1561 614 1606 Huic
637 1561 672 1606 si
695 1559 965 1614 quandoque
987 1558 1060 1602 filii
1083 1558 1332 1612 degeneres
1353 1556 1498 1601 labem
1519 1555 1768 1600 intulerunt
1788 1554 1840 1607 (Ι,
1863 1551 2077 1606 393-395),

506 1662 558 1693 eo
595 1647 715 1703 quod
745 1646 876 1691 unius
908 1645 1061 1690 vitium
1093 1644 1348 1689 attribuitur
1378 1643 1600 1688 universis
1621 1642 1671 1696 (I,
1692 1640 1908 1693 395-397),
1933 1653 2078 1685 seces·

509 1740 665 1780 serunt
685 1747 710 1778 a
732 1733 860 1777 nobis
881 1732 931 1785 (l,
952 1731 1065 1786 421).

564 1822 707 1867 Decus
728 1820 835 1864 illud
855 1818 1084 1864 Societatis
1107 1818 1344 1872 diligenter
1369 1816 1583 1861 tuendum
1617 1814 1746 1859 nobis
1766 1828 1942 1858 morum
1963 1812 2084 1868 puri-

511 1915 600 1955 tate
630 1908 702 1963 (ΙΙ,
725 1907 821 1952 284.
846 1906 907 1951 Cf.
932 1906 1002 1957 ΙΙΙ,
1023 1905 1137 1959 324),
1172 1904 1422 1959 inculpatae
1454 1903 1569 1947 vitae
1600 1901 1857 1947 innocentia
1884 1901 1956 1954 (11,
1986 1899 2081 1945 305.

514 1995 587 2047 ΙΙΙ,
610 1994 725 2050 203),
749 2000 793 2038 et
812 1992 1072 2037 ardentibus
1094 1992 1147 2035 ad
1169 1991 1308 2035 Deum
1336 1989 1548 2045 precibus
1570 1989 1641 2042 (Il,
1665 1989 1760 2032 474.
1785 1987 1846 2032 Cf.
1872 1987 1944 2034 ΙΙΙ,
1968 1986 2082 2040 296).

571 2130 923 2176 INSTITU'I'UM
953 2129 1050 2173 Soc.
1076 2129 1175 2172 lesu
1197 2142 1220 2172 a
1241 2127 1389 2172 multis
1413 2127 1493 2170 ΡΡ.
1517 2126 1740 2170 laudatum
1761 2124 1848 2178 (lv.
1873 2123 1958 2176 65).
1984 2122 2088 2166 Eius

518 2218 710 2263 studium
728 2223 772 2261 et
788 2216 1011 2261 exsecutio
1029 2215 1117 2268 (IV.
1135 2214 1206 2269 65)
1224 2213 1505 2258 Executionis
1522 2213 1694 2256 fructus
1712 2218 1756 2255 et
1773 2209 2090 2264 impedimenta

519 2304 606 2358 (IV.
644 2303 730 2355 69).
765 2303 1015 2347 institutum
1037 2302 1295 2346 inviolatum
1319 2299 1587 2345 servandum
1609 2298 1697 2352 (IV.
1731 2297 1816 2350 72).
1851 2296 1972 2349 Quae
2007 2295 2090 2339 hoc

521 2397 724 2445 tempore
763 2388 1043 2443 potissimum
1094 2386 1380 2441 exsequenda
1418 2384 1504 2439 (IV.
1548 2385 1633 2438 74).
1677 2382 1866 2428 instituti
1901 2380 2092 2435 ignorati

524 2476 684 2520 damna
702 2474 790 2529 (IV.
816 2474 929 2526 199).
954 2473 1157 2518 Instituto
1189 2472 1289 2527 plus
1311 2471 1596 2516 tribuendum
1620 2483 1751 2524 quam
1781 2465 2093 2512 consuetudini

526 2562 614 2616 (IV.
637 2561 752 2614 213).
777 2560 871 2604 Non
893 2559 1160 2604 inveteravit
1179 2558 1265 2611 (IV.
1289 2558 1403 2612 214).

600 2698 865 2744 ῙΝΤΕΝΤῙΟ
881 2712 995 2752 pura
1010 2697 1145 2741 divini
1163 2696 1330 2741 servitii
1343 2696 1394 2750 (Ι,
1407 2696 1492 2749 64),
1509 2695 1652 2750 primo
1670 2695 1789 2738 circa
1805 2693 1919 2737 vitae
1937 2697 2095 2735 statum

529 2787 581 2841 (I,
623 2785 721 2839 440)
762 2785 1016 2829 necessario
1057 2783 1301 2838 requiritur
1340 2783 1384 2826 in
1424 2781 1707 2826 admittendis
1742 2779 1795 2823 ad
1835 2778 2097 2823 Societatem

530 2878 728 2917 nostram
750 2870 1002 2915 hominibus
1025 2870 1075 2924 (Ι,
1100 2870 1167 2913 56.
1193 2868 1254 2913 Cf.
1278 2868 1345 2920 Ill,
1367 2869 1454 2922 98).
1480 2867 1646 2912 Deinde
1675 2867 1794 2910 circa
1813 2879 1886 2909 res
1908 2863 2098 2919 particu-

533 2959 649 3003 lares
681 2971 836 3002 omnes
868 2957 1021 3011 regula
1050 2956 1373 3011 praescribitur
1403 2954 1569 2999 nostris
1599 2953 1650 3007 (I,
1683 2953 1777 2997 440.
1812 2951 1864 3004 ΙΙ,
1896 2950 1990 2993 282.
2026 2949 2097 3002 ΙΙΙ,

534 3046 693 3100 95-97),
715 3051 758 3090 et
779 3045 990 3089 suadetur
1011 3058 1061 3087 ex
1084 3057 1136 3087 eo
1171 3043 1289 3098 quod
1319 3042 1372 3086 ad
1401 3042 1556 3095 Deum,
1586 3046 1635 3085 ut
1660 3040 1792 3083 finem
1822 3052 1871 3081 ac
1899 3043 2098 3081 centrum

537 3138 716 3177 nostrae
738 3130 1039 3184 beatitu(liniS‚
1070 3143 1225 3173 omnes
1253 3135 1376 3172 actus
1410 3133 1586 3172 nostros
1614 3125 1799 3170 tendere
1829 3136 2014 3167 necesse
2036 3128 2104 3166 est

537 3218 589 3272 (Ι,
613 3216 732 3271 320);
756 3216 919 3261 malum
941 3215 1059 3260 enim
1081 3214 1240 3259 dicitur
1262 3213 1377 3268 quod
1403 3225 1538 3267 scopo
1562 3216 1683 3256 caret
1703 3210 1752 3264 (Ι,
1768 3208 1881 3263 321).
