2315 3559
497 180 599 235 368

522 601 561 644 ,Ψ

520 772 560 1074 φφομς»

492 1290 597 1335 10-1’

924 199 1244 239 SUMMARIUM
1285 200 1647 239 EPISTULARUM

606 342 663 388 Ut
682 357 824 388 annus
847 345 1085 389 saecularis
1107 345 1312 389 Societati
1335 346 1554 390 Iubilaeus
1577 346 1647 400 sit,
1671 347 1985 391 revertendum
2008 348 2062 391 ad

606 430 700 474 eius
721 430 997 484 primaevum
1016 431 1234 485 spiritum.

604 515 798 560 Societas
820 529 908 570 quo
931 529 1067 559 sensu
1088 515 1143 559 sit
1164 521 1341 559 centum
1364 530 1583 560 annorum
1605 516 1766 561 infans.

606 601 864 645 lnnocentia
893 601 1076 654 puerilis
1107 615 1207 644 cum
1238 601 1352 645 virili
1382 601 1546 645 robore
1577 602 1904 656 coniungenda,
1935 610 1983 647 ut
2010 603 2066 648 sit

604 687 799 730 Societas
821 687 1078 730 centenaria
1098 686 1256 730 Calebo
1280 687 1447 731 similis.

606 772 744 817 Huius
765 772 887 817 labes
909 773 945 816 si
968 772 1042 826 qui
1063 772 1137 816 lilii
1159 773 1424 826 degeneres.

607 858 743 903 Unius
764 859 809 902 in
831 858 1047 903 Societate
1071 858 1222 902 vitium
1244 858 1499 903 attribuitur
1519 859 1757 904 universis.

604 944 727 997 Quod
752 959 839 999 quo
863 959 999 989 sensu
1020 945 1075 989 sit
1095 945 1348 998 dolendum,
1371 960 1458 1001 quo
1480 947 1748 991 laetandum.

603 1029 768 1075 Omnes
789 1030 924 1084 igitur
945 1030 1142 1075 actiones
1165 1037 1344 1076 nostrae
1367 1032 1610 1085 exigendae
1632 1032 1685 1075 ad
1707 1032 1848 1076 famae
1870 1046 2064 1076 commu-

604 1117 672 1161 nis
694 1117 903 1161 trutinam
920 1131 930 1170 ;
956 1131 1056 1161 nam
1075 1117 1192 1162 Deus
1214 1118 1270 1162 ob
1287 1118 1419 1162 unius
1435 1125 1667 1173 peccatum
1685 1118 1920 1172 aliquando
1938 1118 2065 1173 punit

601 1209 737 1248 totam
759 1204 1135 1248 communitatem.

598 1290 631 1333 1.
667 1289 835 1334 Deinde
857 1290 1111 1344 primaevus
1133 1290 1362 1335 Societatis
1385 1291 1519 1335 ardor
1541 1297 1584 1336 et
1605 1291 1786 1346 spiritus
1816 1291 2064 1336 instauran-

603 1376 700 1430 dus,
719 1383 763 1420 et
783 1376 1041 1420 renovanda
1057 1377 1264 1421 iuventus
1286 1383 1440 1421 nostra
1459 1384 1507 1422 ut
1528 1377 1716 1432 aquilae,
1738 1391 1821 1432 per
1841 1377 2062 1422 assiduam

601 1463 759 1507 Christi
781 1463 988 1518 patientis
1004 1463 1265 1507 memoriam
1287 1477 1336 1507 ac
1353 1464 1702 1508 meditationem.

491 1548 630 1593 12-15.
667 1549 909 1593 Renovatio
932 1556 1085 1593 nostra
1100 1548 1272 1593 initium
1289 1549 1454 1594 ducere
1471 1549 1604 1594 debet
1619 1564 1644 1593 a
1665 1549 1808 1594 studio
1832 1549 2060 1604 orationis,

490 1897 507 1939 ‘l
515 1895 587 1939 6-2

484 2939 551 2984 26.

601 1636 761 1680 deinde
782 1651 866 1680 usu
887 1636 1198 1681 exercitiorum
1220 1637 1513 1691 spiritualium
1543 1637 1583 1681 S.
1619 1637 1664 1681 P.
1698 1636 1747 1680 N.
1781 1636 2059 1691 confirmari3

600 1730 692 1768 tum
714 1730 919 1768 accurata
936 1731 979 1768 et
995 1724 1162 1768 efficaci
1184 1724 1512 1768 ordinationum
1530 1724 1828 1778 exsecutione,
1847 1723 2063 1777 requisita

601 1823 690 1853 non
713 1815 882 1853 tantum
914 1809 959 1853 in
981 1809 1182 1860 subdilis,
1213 1810 1291 1854 sed
1320 1809 1458 1854 multo
1489 1809 1630 1864 magis
1661 1809 1705 1853 in
1727 1807 2056 1863 Superioribus.

596 1897 628 1939 1.
663 1895 844 1950 Causae,
877 1911 957 1940 cur
976 1896 1240 1951 Superiores
1272 1897 1359 1941 sint
1388 1896 1669 1941 remissiores
1699 1896 1745 1939 in
1776 1895 2060 1940 exsecutione

599 1988 703 2027 sunt
725 1997 734 2026 ε
760 1983 801 2025 10
822 1982 1122 2027 inordinatum
1139 1982 1408 2027 desiderium
1427 1997 1581 2027 omnes
1599 1981 1844 2036 aequaliter
1863 1980 2057 2035 iuvandi3

597 2070 642 2114 20
662 2071 795 2115 timor
815 2070 1099 2126 displicendi3
1129 2070 1173 2115 30
1193 2071 1483 2126 Superiorum
1504 2072 1549 2115 in
1571 2071 1743 2125 aliquos
1764 2070 1937 2125 privata
1957 2083 2060 2124 pro-

597 2157 755 2212 pensio
789 2172 799 2201 :
832 2164 1015 2202 teneant
1043 2172 1152 2212 ergo
1185 2157 1338 2202 oculos
1368 2163 1549 2212 apertos
1579 2158 1624 2201 in
1654 2157 1784 2211 facta,
1810 2157 1984 2201 clausos
2014 2156 2059 2200 in

596 2258 831 2299 personas,
861 2250 905 2289 et
934 2245 1143 2299 aequales
1175 2259 1222 2289 se
1253 2244 1459 2289 omnibus
1488 2244 1755 2298 praebeant;
1788 2244 1832 2287 40
1860 2242 2060 2298 privatus

599 2334 665 2378 sui
686 2334 826 2388 ipsius
848 2348 993 2388 amor3
1018 2334 1062 2378 5Ο
1083 2334 1217 2378 nimia
1239 2333 1486 2379 sollicitudo
1503 2348 1654 2378 rerum
1675 2332 2000 2388 temporalium.

546 2454 553 2462 .
597 2418 766 2464 Subditi
788 2419 953 2464 debent
973 2420 1183 2464 adiuvare
1204 2419 1468 2474 Superiores
1489 2419 1534 2463 in
1557 2418 1863 2472 exsecutione;
1894 2424 1937 2463 et
1958 2433 2057 2463 esse

597 2506 792 2560 aegrotis
814 2506 995 2560 similes,
1018 2506 1088 2550 vel
1111 2506 1274 2551 sanctis
1294 2505 1581 2561 martyribus.

545 2627 553 2636 .
596 2592 790 2637 Societas
813 2593 965 2637 similis
987 2593 1126 2647 caelo,
1150 2599 1194 2637 et
1214 2592 1308 2637 eius
1327 2592 1488 2636 subditi
1511 2592 1694 2636 orbibus
1710 2591 1990 2636 caelestibus.

597 2678 668 2724 Uti
690 2679 733 2723 in
756 2679 1029 2734 aspectabili,
1048 2680 1107 2723 ita
1123 2686 1167 2723 et
1182 2680 1226 2723 in
1242 2680 1429 2734 mystico
1447 2679 1569 2723 caelo
1587 2684 1782 2723 cometes
1800 2678 2051 2732 aliquando.

545 2801 553 2808 .
597 2765 645 2809 In
676 2765 798 2809 caelo
830 2771 984 2810 nostro
1008 2779 1063 2809 ne
1095 2765 1183 2809 sint
1203 2771 1461 2810 exerrantes
1482 2765 1678 2809 faculae:
1698 2764 1763 2809 sol
1786 2764 1842 2809 sit
1869 2765 1909 2809 S.
1930 2764 2055 2819 Igna-

596 2851 698 2906 tius,
723 2865 804 2895 nos
831 2851 982 2895 stellae
1000 2857 1166 2895 stantes
1188 2852 1233 2895 in
1256 2852 1426 2896 ordine.

595 2939 660 2983 Ab
678 2938 762 2983 illis
784 2952 1008 2982 sumamus
1031 2939 1231 2993 exempla
1246 2939 1472 2983 virtutum.

483 3026 625 3070 27-28.
660 3025 1008 3079 Aestimandum,
1041 3039 1130 3069 non
1162 3040 1293 3079 quam
1314 3025 1438 3070 multi
1460 3025 1613 3079 simus,
1646 3024 1724 3069 sed
1753 3038 1883 3078 quam
1904 3023 2050 3078 probi.

596 3112 659 3156 Ad
708 3112 1052 3167 promerendam
1102 3111 1338 3156 Abrahami
1395 3111 1768 3165 benedictionem,
1826 3124 1938 3165 opus
1986 3116 2054 3155 est
