2315 3559
546 199 650 255 360
972 215 1292 255 SUMMARIUM
1333 215 1696 254 EPISTOLARUM

656 361 787 406 tertio
809 361 864 405 ad
885 361 1138 406 edocendos
1159 361 1310 414 rudes,
1335 375 1449 416 quae
1470 361 1723 406 meditando
1747 362 1845 417 quis
1866 362 2108 417 invenerit3

658 461 747 492 non
768 453 915 492 tamen
932 446 1187 491 necessario
1210 447 1381 491 externi
1401 447 1461 491 illi
1478 447 1648 491 fructus
1666 448 1894 502 spectandi
1912 455 2028 493 sunt.

573 533 659 578 5-7.
685 533 815 578 Plura
837 539 941 578 sunt
969 533 1226 577 discrimina
1255 533 1373 577 inter
1401 548 1525 578 mere
1556 533 1887 588 contemplativi
1917 540 1962 579 et
1980 534 2112 579 unius

576 1139 616 1184 8.

658 634 682 664 e
741 619 905 664 nostris
964 618 1120 662 orandi
1188 618 1428 672 rationem3
1490 624 1535 663 et
1589 624 1832 674 propterea
1889 620 2114 665 desiderat

657 707 698 751 S.
729 706 774 750 P.
799 705 994 760 Ignatius
1029 705 1072 748 in
1109 704 1274 749 nostris
1308 704 1591 759 frequentem
1626 720 1755 749 usum
1791 705 2112 760 aspirationum

657 792 712 836 ad
748 791 901 845 Deum,
926 791 1045 845 quod
1077 791 1291 845 optimum
1327 790 1483 835 orandi
1518 805 1660 845 genus
1695 797 1777 845 est,
1801 791 2055 836 distinctum
2091 806 2115 836 a

659 883 781 922 recta
831 877 1091 932 operatione
1131 882 1175 921 et
1212 890 1236 920 a
1295 876 1667 928 consideratione,
1710 883 1754 922 et
1799 877 1915 922 hene
1960 877 2115 922 orandi

658 963 993 1009 consuetudinis
1022 964 1214 1017 fructus;
1247 963 1449 1017 adeoque
1479 977 1579 1007 cum
1613 963 1939 1008 recollectionis
1971 963 2115 1008 studio

659 1050 1037 1105 coniungendum.

660 1138 934 1184 Mortificatio
970 1137 1147 1182 interna
1182 1143 1226 1181 et
1263 1143 1447 1181 externa
1481 1137 1687 1182 Societati
1724 1137 2063 1182 commendatur
2093 1151 2118 1181 a

661 1226 707 1270 B.
733 1226 778 1270 P.
804 1225 854 1270 N.

578 1313 691 1358 9-10.
716 1312 764 1357 In
785 1311 1158 1367 paenitentiarum
1179 1325 1263 1355 usu
1284 1325 1375 1355 non
1396 1324 1605 1355 excessus
1628 1310 1770 1355 solum
1792 1310 2013 1363 vitandus,
2040 1310 2115 1365 qui

554 1844 621 1888 11.

555 2105 620 2149 12.

560 2452 626 2497 13.

661 1414 796 1455 saepe
817 1399 871 1443 ad
892 1399 1111 1443 laxitatem
1135 1398 1269 1453 ducit,
1293 1404 1338 1442 et
1356 1398 1534 1442 interim
1563 1397 1732 1442 maiora
1760 1397 1878 1442 hona
1907 1397 2115 1452 impedit;

663 1485 741 1530 sed
776 1485 907 1530 etiam
943 1485 1156 1535 defectus,
1197 1498 1330 1538 quem
1365 1483 1508 1538 gignit
1548 1497 1674 1527 amor
1707 1482 1925 1538 corporis.
1964 1483 2120 1527 Iuvant

661 1572 779 1618 enim
795 1571 1094 1627 paenitentiae
1115 1570 1168 1614 ad
1190 1570 1507 1625 acquirendam
1522 1569 1872 1614 mortificationis
1893 1569 2117 1623 virtutem,

661 1676 705 1715 et
725 1669 779 1714 ad
800 1669 883 1714 alia
902 1669 1040 1714 multa
1058 1669 1104 1713 in
1124 1669 1336 1713 virtutum
1359 1667 1502 1712 studio
1525 1667 1777 1712 conferunt.
1802 1666 1867 1711 Ad
1889 1666 2007 1721 quod
2030 1679 2119 1710 non

662 1756 823 1802 sufficit
842 1756 1019 1801 interna
1038 1754 1332 1800 mortificatio.

666 1843 731 1888 Ad
766 1842 1141 1897 paenitentiarum
1175 1855 1306 1885 usum
1340 1839 1680 1894 moderandum,
1713 1838 1982 1883 attendenda
2002 1837 2118 1882 tria:

661 1929 761 1974 finis
795 1927 1049 1981 Societatis;
1091 1926 1235 1971 media
1271 1926 1432 1981 quibus
1471 1925 1535 1970 uti
1575 1925 1708 1979 solet;
1750 1923 2120 1969 Constitutionum

662 2015 815 2061 verba.

664 2102 962 2149 Paenitentias
991 2102 1058 2146 his
1089 2114 1311 2146 consonas
1332 2101 1656 2155 frequentare„
1680 2112 1770 2143 non
1792 2104 1860 2142 est
1889 2097 2123 2152 singulari-

665 2199 732 2237 tas
762 2207 771 2236 :
803 2191 849 2236 in
885 2190 1047 2246 quibus
1082 2190 1165 2234 etsi
1197 2203 1285 2233 non
1317 2194 1385 2233 est
1414 2188 1497 2233 sita
1526 2188 1623 2242 ipsa
1641 2186 1875 2242 perfectio,
1912 2192 2034 2230 certe
2069 2185 2123 2229 ad

665 2279 782 2324 illam
804 2277 1121 2333 acquirendam
1147 2276 1292 2320 media
1323 2281 1426 2320 sunt
1455 2274 1626 2329 eximia,
1649 2280 1694 2319 et
1713 2274 1766 2318 ab
1790 2272 1995 2318 omnibus
2025 2271 2120 2317 reli-

667 2365 804 2420 giosis
820 2363 1061 2410 Ordinibus
1077 2362 1298 2418 adoptata.

669 2452 804 2497 Recte
838 2451 973 2506 igitur
1006 2449 1219 2505 Superior
1259 2448 1459 2494 subditos
1498 2447 1552 2491 ad
1591 2446 1760 2502 plures,
1802 2459 1933 2500 quam
1972 2443 2128 2498 regula

670 2538 808 2592 iubet,
831 2537 1104 2581 adhortatur.

561 2623 701 2669 14-15.
741 2623 875 2677 Haec,
911 2622 1065 2677 paucis
1098 2620 1389 2676 praestitutis,
1427 2619 1482 2663 ad
1531 2618 1745 2673 ampliora
1791 2615 2126 2672 properandum

563 2884 630 2929 16.

671 2708 842 2763 suadet,
875 2714 968 2753 tum
1002 2706 1300 2762 permittendo
1335 2704 1653 2760 paenitentias3
1686 2709 1777 2747 tum
1812 2700 2035 2746 monendo
2071 2714 2128 2744 ne

672 2795 760 2841 sint
773 2795 1091 2839 immoderatae
1107 2807 1190 2838 nec
1210 2792 1477 2837 indiscretae
1492 2806 1502 2845 ;

673 2881 833 2936 Quales
853 2881 1043 2926 fortasse
1063 2880 1245 2924 fuerunt
1273 2885 1375 2923 ante
1406 2877 1605 2922 conditas
1635 2875 1834 2930 regulas3
1859 2888 1976 2918 nunc
2007 2877 2130 2917 certe

674 2982 764 3014 non
786 2973 902 3013 sunt.
