2315 3559
235 667 358 700 Marc.
377 667 428 706 10,
446 666 496 700 14.

273 764 337 795 Ps.
356 763 406 802 10,
422 765 455 796 5.

218 2257 261 2301 in
285 2257 509 2302 sodalibus

298 2313 344 2356 B.
364 2312 430 2367 V.‚

574 192 676 250 252
748 212 998 253 EPISTOLA
1036 216 1084 255 R.
1129 217 1175 256 Ρ.
1218 218 1269 256 N.
1311 217 1430 256 ANT.
1481 217 1606 256 MAR.
1657 217 1966 258 ANDERLEDY

575 359 782 414 nobiles
831 363 1084 417 accedere
1133 364 1200 418 ad
1252 362 1478 418 miseros
1528 371 1580 418 et
1627 381 1750 419 cum
1801 364 1930 433 ipsis
1981 383 2141 433 agere

576 477 683 514 non
734 460 1113 528 dedignantur.

645 561 762 616 Non
807 561 1129 629 dedignatus
1180 570 1260 616 est
1309 563 1410 617 hoc
1459 580 1654 618 munus
1705 563 1989 619 hominum
2033 565 2142 620 Sal-

577 667 747 715 vator.
804 661 1060 715 Parvulos
1111 669 1257 715 amat
1305 669 1357 716 et
1406 663 1548 716 oculi
1597 662 1689 717 Dei
1740 663 1801 718 in
1843 681 2141 732 pauperem

575 761 891 829 respiciunt.
941 760 1148 824 Quanto
1194 761 1367 829 magis
1418 762 1607 830 diliget
1649 779 1758 831 605,
1806 763 1900 832 qui
1944 781 2139 832 pueros

575 877 838 928 pauperes
908 860 1102 915 docent
1151 877 1334 916 amare
1400 861 1568 916 Deum
1618 870 1671 917 et
1718 862 1811 917 Dei
1878 862 2139 918 offensam

575 960 1021 1028 perhorrescere!
1070 960 1221 1024 Quod
1267 961 1505 1016 officium
1549 979 1672 1017 cum
1717 970 1992 1031 praestant
2034 963 2142 1018 dis-

574 1058 737 1127 cipuli
775 1059 966 1127 nostri,
1009 1059 1207 1128 pietate
1242 1060 1531 1115 firmantur
1568 1061 1729 1117 etiam
1770 1061 1872 1130 ipsi
1911 1070 1963 1117 et
2000 1063 2140 1117 dona

573 1157 705 1212 caeli
756 1158 1022 1226 ampliora
1072 1158 1175 1213 sibi
1225 1159 1518 1214 asciscunt.

641 1257 920 1326 Duplicem
971 1258 1138 1325 igitur
1198 1259 1340 1327 apud
1403 1260 1571 1314 Deum
1627 1261 1843 1315 laudem
1895 1260 2141 1315 obtinent

574 1358 651 1412 illi
702 1376 728 1413 e
778 1358 996 1426 nostriS,
1051 1358 1145 1427 qui
1207 1376 1325 1413 eam
1377 1377 1491 1414 rem
1542 1359 1788 1414 omnium
1839 1377 2021 1415 rerum
2071 1360 2137 1414 ad

573 1459 801 1513 salutem
864 1458 1097 1513 maxime
1163 1459 1522 1514 necessariam
1589 1459 1898 1514 admirabili
1959 1460 2138 1515 studio

573 1567 736 1627 atque
785 1559 979 1614 ardore
1031 1560 1111 1614 vel
1155 1559 1424 1628 incipiunt
1472 1561 1554 1614 vel
1604 1561 1928 1628 provehunt.

644 1660 816 1715 Habet
842 1660 1003 1716 huius
1032 1661 1200 1716 sancti
1228 1662 1428 1716 laboris
1456 1679 1578 1715 cum
1607 1660 1884 1730 discipulis
1912 1660 2137 1716 societas

573 1759 705 1815 illud
774 1760 938 1815 etiam
994 1761 1287 1829 commodi,
1359 1762 1505 1829 quod
1574 1761 1788 1830 operari
1854 1761 2137 1816 nobiscum

572 1868 930 1915 consuescunt
966 1862 1120 1928 adeO,
1145 1869 1204 1915 ut
1230 1879 1353 1916 cum
1397 1861 1533 1916 vitae
1571 1861 1878 1916 institutum
1916 1861 2136 1930 aliquod

572 1959 830 2028 ceperint,
878 1960 1198 2028 propensius
1238 1978 1333 2014 sua
1377 1960 1443 2014 ad
1483 1978 1579 2014 nos
1618 1960 1796 2015 studia
1839 1961 2134 2028 conferant,

573 2068 625 2114 et
667 2078 820 2114 suam
864 2078 988 2115 cum
1033 2068 1216 2116 nostra
1266 2061 1590 2116 industriam
1641 2061 1866 2129 iungant
1914 2063 1980 2117 ad
2025 2063 2139 2129 glo-

574 2160 711 2215 riam
761 2160 854 2215 Dei
905 2168 957 2215 et
1005 2161 1291 2216 hominum
1336 2163 1583 2217 salutem.

641 2259 726 2314 2⁶2.
792 2260 945 2315 Viam
1007 2278 1226 2330 quoque
1300 2262 1476 2316 munit
1536 2262 1668 2317 haec
1729 2263 1818 2331 pia
1873 2280 2136 2332 pauperes

575 2361 805 2417 docendi
879 2361 1136 2417 sedulitas
1211 2361 1558 2417 Beatissimae
1629 2362 1866 2430 Virginis
1940 2363 2136 2419 Mariae

575 2460 1106 2529 congregationibuS,
1154 2478 1288 2528 quas
1327 2461 1489 2515 tantis
1533 2462 1782 2516 laudibus
1834 2464 2139 2517 extulerunt

574 2561 783 2617 Summi
824 2561 987 2615 etiam
1026 2560 1129 2629 ipsi
1170 2561 1473 2616 Pontifices,
1505 2561 1814 2631 Optandum
1853 2569 1933 2616 est
1958 2563 2132 2631 valde,

572 2670 633 2716 ut
683 2661 777 2730 qui
827 2661 1052 2728 collegia
1102 2669 1286 2716 nostra
1348 2663 1760 2732 frequentarunt
1813 2663 1879 2717 ad
1930 2663 2020 2731 pia
2080 2663 2134 2718 id

572 2779 742 2830 genus
781 2761 1037 2816 sodalicia
1087 2762 1480 2817 consocientur.
1524 2763 1715 2830 Magno
1760 2763 1905 2818 enim
1949 2763 2015 2818 ad
2061 2762 2138 2817 vi-

574 2869 682 2916 tam
721 2860 1017 2916 christiano
1055 2861 1274 2917 nominc
1313 2862 1535 2930 dignam
1573 2862 1886 2918 adiumento
1931 2870 2011 2918 est
2047 2862 2136 2931 pia

573 2961 858 3016 hominum
898 2960 1224 3028 coniunctio,
1256 2979 1362 3030 qua
1400 2962 1625 3030 singulis
1653 2962 1951 3031 plurimum
1979 2962 2138 3016 robo-

573 3061 646 3115 ris
708 3061 960 3116 accedere
1022 3062 1157 3115 solet
1217 3080 1277 3116 ex
1338 3062 1570 3117 aliorum
1632 3062 1903 3131 praesidio
1971 3070 2134 3130 atque

574 3166 838 3234 exemplo.
905 3164 1193 3220 instruitur
1255 3183 1314 3221 ac
1376 3174 1618 3222 armatur
1677 3173 1859 3221 coetus
1920 3184 1980 3221 ac
2036 3168 2134 3222 flos
