2315 3559
240 516 334 557 Sap.
347 516 378 554 4,
396 516 448 549 13.

553 241 654 296 170
726 258 975 298 EPISTOLA
1013 261 1062 299 R.
1106 261 1152 298 P.
1195 262 1246 298 N.
1289 260 1407 298 ANT.
1457 260 1582 298 MAR.
1629 260 1938 299 ANDERLEDY

623 404 757 459 Illud
808 423 936 460 vero
985 414 1212 472 certum,
1266 406 1316 460 S.
1372 407 1629 460 Ioannem
1679 413 2115 461 consummatum

552 502 606 556 in
655 504 805 559 brevi
856 506 1149 573 explevisse
1199 513 1444 574 tempora
1494 507 1681 559 multa.

618 603 749 657 Dein
784 621 943 658 nemo
987 621 1095 658 non
1138 604 1298 671 videt,
1334 604 1611 659 Societatis
1652 603 1963 658 Institutum
2007 623 2114 659 non

549 704 724 756 solum
765 703 871 757 vita
907 703 957 757 S.
1003 704 1236 771 loannis,
1275 704 1365 758 sed
1402 705 1564 759 etiam
1603 704 1717 759 eius
1756 712 1930 758 morte
1965 722 2116 773 prae-

550 810 761 857 matura
811 803 1088 858 illustrari.
1142 804 1260 858 Non
1312 804 1456 858 enim
1507 823 1568 859 ex
1611 822 1673 859 eo
1736 805 1911 858 solum
1967 805 2113 873 quod

552 902 679 956 vixit
722 902 776 956 in
816 902 1014 958 Ordine
1052 911 1257 971 nostro,
1305 906 1559 974 splendor
1597 922 1656 959 ao
1701 905 1861 959 decus
1912 903 2116 958 aceedit

547 1002 824 1068 Societati;
874 1003 966 1057 sed
1014 1003 1247 1058 maxime
1293 1021 1352 1058 ex
1386 1022 1448 1058 eo
1500 1005 1646 1073 quod
1677 1021 1784 1058 non
1813 1003 1944 1058 vixit
1981 1012 2116 1059 tem-

547 1120 676 1170 pore
737 1102 989 1169 longiori.
1049 1102 1258 1157 Diutius
1314 1103 1458 1158 enim
1511 1103 1712 1158 viventi
1775 1121 1971 1157 munus
2033 1105 2115 1158 vel

546 1201 902 1270 apostolicum
947 1202 1247 1270 obtigisset,
1304 1204 1384 1257 vel
1434 1202 1579 1257 aliud
1636 1203 1782 1271 quod
1839 1203 1993 1257 nobis
2038 1211 2117 1257 est

545 1319 834 1357 commune
878 1320 1002 1356 eum
1053 1302 1171 1357 aliis
1227 1302 1537 1358 Ordinibus,
1591 1302 1898 1357 Sanctitatis
1948 1302 2116 1371 igitur

546 1402 746 1455 famam
786 1403 1012 1470 adeptus
1062 1410 1202 1457 esset
1253 1404 1334 1457 vel
1386 1402 1595 1457 eximiis
1640 1402 1888 1457 laborum
1934 1402 2117 1457 fructi-

544 1502 644 1555 bus
689 1503 755 1556 ad
801 1502 1088 1556 hominum
1128 1504 1377 1570 salutem,
1415 1504 1498 1557 vel
1533 1501 1823 1556 virtutibus
1870 1501 1954 1570 iis,
1997 1501 2116 1570 qui-

544 1601 643 1656 bus
688 1602 927 1657 eminere
963 1602 1065 1656 viri
1101 1602 1269 1657 saneti
1315 1602 1370 1656 in
1409 1602 1514 1657 alio
1550 1601 1714 1657 etiam
1748 1601 1887 1656 vitae
1918 1619 2114 1669 genere

545 1703 735 1757 solent.

613 1802 757 1866 Quae
794 1802 919 1857 licet
956 1804 1099 1872 apud
1152 1802 1459 1871 piissimum
1505 1820 1778 1871 quemque
1817 1801 2113 1871 plurimum

544 1902 777 1957 habeant
843 1902 1271 1972 approbationiS,
1334 1920 1441 1958 non
1509 1920 1569 1956 ex
1636 1902 1700 1956 iis
1764 1901 1945 1956 t'amen
2007 1901 2114 1956 Deo

543 2002 801 2070 placitum
870 2002 988 2069 fuit,
1054 2002 1306 2057 caelitum
1368 2003 1527 2057 laude
1592 2001 1818 2069 dignum
1886 2000 2114 2056 iudicari

544 2101 594 2156 S.
651 2103 924 2157 Ioannem.
968 2102 1203 2157 Medium
1239 2102 1622 2169 integerrimae
1659 2101 1773 2156 eius
1818 2101 1960 2155 vitae
1998 2119 2117 2155 cur-

545 2219 665 2256 sum
717 2201 972 2270 inhibuit,
1027 2220 1190 2271 quem
1241 2204 1306 2257 ad
1359 2219 1522 2256 unam
1572 2203 1754 2269 legum
1804 2209 2113 2256 nostrarum

545 2319 795 2357 normam
852 2302 1122 2369 dirigebat
1178 2310 1392 2357 sanctus
1444 2301 1672 2357 iuvenis.
1728 2301 1908 2356 Libuit
1968 2300 2113 2355 enim

546 2401 774 2456 Domino
826 2410 1011 2456 nostro
1069 2403 1388 2470 patefacere,
1438 2404 1551 2457 solo
1608 2403 1919 2469 regularum
1975 2418 2114 2469 quae

546 2508 669 2554 sunt
736 2501 988 2569 propriae
1049 2500 1327 2555 Societatis
1391 2509 1605 2556 nostrae
1673 2500 1934 2568 subsidiO,
1999 2500 2114 2555 sine

545 2600 765 2655 alterius
805 2618 1029 2655 normae
1073 2600 1407 2668 adiumentO,
1456 2602 1657 2655 factum
1702 2618 1834 2668 esse,
1887 2608 1947 2654 ut
1990 2599 2114 2654 Cae-

545 2699 703 2754 litum
771 2702 937 2767 cultu,
1003 2700 1171 2768 ipsius
1228 2701 1451 2756 Sanrtae
1506 2701 1656 2756 Sedis
1718 2700 1939 2768 iudicio,
2004 2699 2111 2753 ritu

546 2800 794 2855 sollemni
833 2809 1141 2867 augeretur.
1168 2802 1341 2865 Quare
1368 2820 1490 2856 rum
1526 2800 1948 2855 amabilissimus
1982 2800 2113 2853 adu-

546 2902 767 2967 lescenS,
821 2900 914 2968 qui
978 2902 1202 2955 modum
1248 2901 1465 2957 vivendi
1523 2919 1646 2956 eum
1698 2902 1872 2956 solum
1918 2899 2107 2967 tenuit,

547 3017 710 3068 quem
791 2998 1043 3054 Societati
1111 3000 1440 3068 peculiarem
1521 3018 1635 3056 esse
1708 2999 1978 3066 novimUS,
2050 3017 2111 3053 ea

547 3101 721 3154 solum
779 3100 845 3153 de
900 3117 1077 3165 causa,
1127 3101 1272 3168 quod
1331 3118 1454 3155 oum
1506 3107 1718 3155 secutus
1775 3106 1854 3153 est
1908 3099 2111 3167 perfec-

508 3198 773 3264 ·tissime,
851 3197 904 3252 in
978 3198 1297 3254 Sanctorum
1366 3216 1653 3254 numerum
1733 3197 1800 3252 sit
1884 3198 2106 3262 relatus3
