2315 3559
173 237 240 274 DE
262 234 565 273 REPETENDA
583 234 654 271 ss,
675 233 845 284 PETRI,
863 232 1042 272 IOANN.
1062 234 1125 271 ET
1141 234 1294 272 ALPH.
1314 235 1554 274 MEMORIA
1590 221 1688 274 147

138 380 324 433 Divina
372 377 660 445 Sapientia,
714 377 868 431 latuit
927 377 1079 430 annis
1130 378 1369 445 triginta,
1434 378 1588 432 latuit
1636 379 1689 432 in

135 495 293 532 carne
337 485 388 531 et
431 477 726 531 etiamnum
777 477 920 543 latet,
974 476 1250 543 Deumque
1300 494 1359 530 ac
1404 477 1689 531 Hominem

136 575 191 628 in
251 573 554 628 solitudinis
610 573 822 627 silentio
881 573 1282 627 delitescentem
1328 574 1400 628 ita
1445 582 1693 642 prestatur

137 673 366 727 Ecclesia
409 691 418 726 :
454 673 629 726 Adoro
669 679 714 726 te
751 674 942 738 devote,
986 673 1155 726 latens
1190 673 1392 737 Deita&
1436 691 1569 741 qliae
1593 674 1688 726 suh

135 772 222 825 laris
268 772 462 839 figuris
488 788 605 825 vere
649 771 849 824 latitas,

233 869 534 937 Sapientiae
589 869 754 936 igitur
820 869 1041 923 Divinae
1108 878 1528 925 consentaneum
1591 871 1690 925 suit

134 976 395 1022 remotam
446 969 511 1022 ab
561 967 871 1022 hominibus
923 968 1150 1022 externis
1201 969 1416 1023 vivendi
1466 969 1692 1024 necessi-

133 1075 314 1134 tatem,
357 1068 692 1134 eandemque
730 1067 1060 1134 diuturnam,
1103 1066 1352 1121 Societati
1391 1067 1687 1135 imponere.

235 1164 282 1219 8.
331 1165 503 1229 Quare
550 1165 908 1219 dubitandum
948 1182 1054 1219 non
1106 1173 1201 1232 est,
1250 1165 1381 1233 quin
1425 1165 1530 1220 Deo
1571 1167 1694 1220 lior-

132 1272 276 1319 tante
319 1264 369 1318 S.
420 1264 655 1331 Ignatius
700 1265 919 1331 longam
965 1281 1231 1318 annorum
1283 1264 1477 1319 seriem
1529 1265 1694 1319 virtu-

133 1365 274 1418 tibus
318 1372 369 1418 et
412 1363 664 1417 scientiae
701 1363 937 1417 colendis
977 1363 1314 1418 constituerit
1355 1382 1364 1417 :
1404 1365 1691 1418 virtutibus

133 1463 353 1531 quidem
406 1463 711 1530 praecipue,
762 1463 889 1530 quia
939 1481 1058 1516 cum
1102 1464 1207 1517 Deo
1266 1464 1693 1518 instrumentum

133 1563 482 1629 conimzfflmt,
525 1561 760 1615 scientiis
806 1579 951 1628 vero,
994 1562 1124 1630 quia
1164 1562 1588 1616 instrumentmn
1632 1563 1692 1616 in

128 1662 507 1728 prooez'morum
584 1662 881 1715 ‘utilitatem
960 1662 1269 1729 disponunt.
1352 1662 1547 1716 Virtuti
1632 1681 1691 1716 ac

134 1761 386 1815 scientiae
457 1761 799 1829 acquirendis
872 1762 1092 1829 prodest
1157 1779 1283 1816 sane
1356 1762 1692 1817 familiaritas

134 1877 255 1913 cum
316 1860 441 1927 Deo,
506 1860 656 1914 obest
716 1877 842 1914 vero
899 1861 1149 1929 frequens
1204 1879 1326 1915 cum
1382 1863 1692 1917 hominibus

134 1959 362 2014 externis
406 1960 754 2014 consuetudo.
805 1960 1043 2027 Longam
1088 1961 1140 2014 in
1188 1962 1288 2015 hoc
1331 1970 1563 2031 utroque
1605 1981 1695 2030 ge-

134 2076 259 2112 nere
315 2059 710 2113 institutionem
769 2060 958 2113 suadet
1018 2059 1181 2113 etiam
1232 2077 1292 2114 ea
1337 2060 1494 2129 ratiO,
1547 2063 1692 2129 quod

134 2166 357 2225 constat,
405 2158 548 2213 viros
593 2158 835 2213 doctrina
881 2158 1116 2225 insignes
1162 2159 1431 2228 simulque
1475 2161 1697 2228 integri-

134 2265 240 2312 tate
284 2257 424 2312 vitae
467 2258 783 2325 conspicuos
829 2258 1186 2325 praeclariora
1231 2260 1297 2313 ad
1336 2259 1429 2314 Dei
1466 2259 1696 2327 gloriam

133 2357 396 2411 conficere
451 2365 694 2425 tempore
748 2358 918 2424 brevi,
982 2375 1146 2425 quam
1207 2359 1367 2425 longo
1428 2377 1694 2415 annorum

134 2457 306 2526 spatio
344 2475 452 2524 eOS,
483 2457 577 2525 qui
614 2458 824 2512 modice
861 2465 1069 2512 tantum
1112 2458 1400 2513 virtutibus
1440 2467 1491 2514 et
1528 2461 1697 2515 scien-

135 2557 239 2611 tiae
288 2574 509 2625 operam
559 2556 823 2611 dederint.

235 2656 435 2710 Vellem
508 2655 760 2723 equidem
833 2656 1097 2710 consolari
1165 2656 1514 2724 desiderium,
1585 2675 1692 2726 quo

134 2754 445 2809 Scholastici
506 2754 676 2808 nostri
738 2755 999 2822 laborant,
1064 2755 1297 2810 navandi
1359 2773 1522 2824 quam
1584 2757 1694 2824 pri-

135 2872 284 2909 mum
321 2872 505 2909 curam
544 2863 596 2909 et
632 2854 871 2908 studium
914 2855 1118 2922 gloriae
1161 2855 1254 2910 Dei
1299 2855 1691 2925 hominumque

135 2955 332 3022 saluti;
388 2956 578 3009 vellem
629 2955 861 3009 eximere
910 2955 1202 3010 carissimis
1253 2956 1527 3011 Fratribus
1572 2973 1690 3011 eam

135 3055 456 3122 molestiam,
503 3072 666 3123 quam
710 3054 932 3121 gignere
975 3058 1109 3111 solet
1147 3056 1254 3110 vita
1291 3056 1547 3111 solitaria.
1589 3056 1688 3110 Sed

135 3173 253 3211 eam
308 3156 449 3210 levat
496 3154 547 3209 S.
600 3154 813 3209 Ioannis
870 3157 1191 3224 exemplum,
1251 3156 1345 3225 qui
1402 3155 1689 3211 solitudine

1781 765 1890 798 Orat.
1908 769 2011 807 post.

1836 809 1946 840 Miss.

1782 847 2016 888 Rhythmus

1785 889 1824 920 S.
1837 889 2013 922 Thomae

1809 930 1861 961 ad
1879 931 1988 963 Sacr.

1837 971 1961 1004 Euch.

1841 1164 1956 1209 Haec

1803 1220 2004 1274 exempla

1813 1282 1990 1319 secutus

1764 1328 1804 1373 S.
1825 1330 2035 1383 ignatius,

1767 1465 2046 1510 solitudinem

1774 1521 2025 1574 praefinivit

1763 1575 2040 1620 Scholasticis

1776 1657 1909 1689 Const.
1923 1666 1961 1698 p.
1976 1658 2027 1690 10.

1812 1707 1853 1730 n.
1869 1700 1888 1731 2
1904 1701 1942 1730 et
1957 1699 1989 1731 3.
