2315 3559
252 983 409 1047 Curam

165 1052 491 1103 mancipiorum

231 1101 429 1149 susc1p1t.

172 2490 376 2553 Longum·
391 2491 474 2535 hoc

195 2552 453 2646 marggtrium

186 2889 453 2944 Nigritarum

239 2946 400 3000 morbi,

541 223 642 277 174
715 240 962 279 EmsToLA
1001 242 1049 280 R.
1094 243 1140 280 P.
1182 244 1234 280 N.
1276 242 1395 281 ANT.
1446 242 1570 281 MAR.
1618 243 1927 282 ANDERLEDY

540 384 605 438 de
654 384 917 441 Societate
962 387 1206 454 meritus,
1260 386 1455 455 stipem
1501 388 1672 442 tribus
1711 389 1866 442 annis
1906 389 2006 443 sibi
2053 398 2105 444 et

540 485 697 539 sociis
743 487 1053 554 quaerebat.
1095 487 1242 540 Idem
1287 486 1497 555 ianuae,
1539 488 1748 542 culinae
1798 506 1857 541 ac
1905 490 2106 543 valetu-

540 584 737 639 dinarii
791 603 976 639 curam
1027 585 1280 653 suscepit.
1334 586 1620 641 Assiduam
1671 587 1832 640 simul
1883 605 2103 655 operam

539 685 770 738 navabat
802 684 1137 750 Nigritarum
1176 685 1333 738 saluti
1378 693 1526 740 tanto
1571 687 1764 740 ardore
1807 704 1866 739 ac
1905 687 2100 755 fructu,

539 791 598 836 ut
647 791 851 851 septem
902 801 1169 837 annorum
1215 784 1388 852 spatio
1432 785 1655 852 triginta
1707 785 2103 854 mancipiorum

539 883 689 937 milia
727 883 938 938 Christo
983 884 1212 938 Domino
1258 885 1572 940 initiaverit.

606 982 654 1037 5.
728 983 838 1037 Hoc
893 992 1112 1038 auctore
1173 1001 1233 1037 ac
1295 984 1555 1051 magistro
1617 992 1827 1040 tantum
1878 985 2105 1053 profecit

538 1080 587 1136 S.
634 1082 838 1149 Petrus,
887 1090 1152 1150 quantum
1210 1083 1481 1137 mirabilia
1537 1102 1675 1152 quae
1721 1084 1844 1138 fecit
1897 1084 2105 1139 animo-

537 1199 657 1236 rum
703 1184 850 1236 lucra
887 1184 1279 1237 demonstrant.
1316 1184 1569 1239 Trecenta
1618 1185 1904 1239 hominum
1954 1185 2104 1240 milia

535 1299 687 1336 sacro
744 1283 890 1337 fonte
953 1300 1077 1337 eum
1139 1284 1397 1338 lustrasse
1454 1283 1742 1339 indubium
1793 1292 1896 1351 est;
1945 1286 2104 1352 longe

536 1399 663 1436 vero
709 1382 974 1437 maiorem
1019 1401 1331 1451 numerum,
1381 1383 1550 1438 immo
1596 1384 1661 1438 ad
1702 1384 2102 1452 quadringenta

535 1482 933 1550 mancipiorum
984 1483 1135 1537 milia
1185 1484 1494 1538 christianis
1546 1485 1612 1538 ab
1674 1502 1736 1539 eo
1787 1484 1952 1538 sacris
2003 1484 2103 1538 im-

533 1581 691 1636 butos
735 1599 851 1637 esse
889 1590 1154 1637 testantur
1197 1583 1311 1637 eius
1356 1583 1487 1637 socii
1533 1592 1585 1638 et
1634 1584 1971 1652 interpretes,

601 1682 787 1750 Neque
833 1682 887 1736 in
938 1684 1036 1737 hos
1087 1691 1300 1737 tantum
1345 1683 1574 1738 contulit
1617 1701 1857 1753 operam.
1908 1684 2103 1738 Haere-

534 1781 666 1835 ticos
705 1800 870 1850 quam
922 1783 1205 1851 plurimos,
1252 1784 1450 1850 Anglos
1498 1792 1549 1838 et
1587 1783 1831 1851 Batavos,
1874 1783 2104 1838 incredi-

532 1881 628 1936 bili
679 1882 938 1951 patientia
989 1891 1040 1937 et
1084 1883 1347 1938 suavitate
1392 1901 1421 1937 a
1472 1884 1603 1938 falsa
1652 1883 1907 1952 opinione
1951 1901 2103 1938 revo-

532 1981 674 2036 cavit
722 1983 788 2037 ad
841 2000 1035 2051 puram
1081 1983 1421 2050 religionem.

603 2082 888 2137 potissima
933 2091 1114 2138 tamen
1170 2083 1219 2138 ei
1281 2101 1495 2152 semper
1545 2084 1650 2153 fuit
1691 2101 1818 2138 cura
1869 2083 2102 2151 Nigrita-

532 2200 673 2251 rum‚
705 2184 850 2252 quod
892 2201 952 2238 ea
977 2201 1109 2251 gens
1148 2192 1287 2238 esset
1323 2185 1570 2252 barbara,
1601 2184 1825 2238 horrida
1852 2192 1903 2238 et
1932 2201 2100 2252 usque

533 2301 595 2338 eo
651 2285 893 2351 neglecta
954 2292 1007 2339 et
1060 2292 1387 2353 contempta,
1448 2292 1507 2338 ut
1562 2284 1644 2338 vix
1708 2284 1762 2338 in
1813 2284 2099 2339 hominum

533 2401 761 2439 numero
812 2384 1122 2439 haberetur.

601 2483 651 2538 6.
700 2484 841 2539 Haec
867 2502 1014 2552 cura,
1055 2483 1142 2538 hic
1176 2485 1345 2552 labor,
1389 2501 1496 2538 non
1534 2485 1864 2553 apostolatus
1901 2485 2096 2552 solum,

533 2584 625 2638 sed
670 2584 991 2653 martyrium
1036 2584 1154 2638 fuit.
1210 2584 1397 2639 Fidem
1448 2585 1592 2639 enim
1644 2593 1862 2653 superat
1910 2586 2101 2639 huma-

532 2701 657 2738 nam
713 2693 991 2751 gestorum
1047 2684 1097 2739 S.
1154 2685 1295 2739 Petri
1347 2685 1665 2752 magnitudo
1722 2693 1773 2740 et
1816 2702 2100 2740 aerumna-

532 2801 653 2838 rum
698 2785 952 2839 continua
1000 2784 1281 2839 acerbitas.

602 2886 649 2939 7.
698 2886 1022 2940 Versabatur
1066 2893 1188 2940 ante
1232 2887 1413 2940 oculos
1464 2886 1834 2940 atrocissimae
1884 2885 2100 2939 calami-

532 2986 655 3040 tatis
745 2987 945 3056 imago,
1027 3004 1317 3054 corporum
1402 2987 1706 3055 simulacra,
1795 2986 2096 3041 obsitorum

531 3088 801 3155 squalore,
873 3089 1166 3141 fractorum
1229 3087 1507 3155 molestiis,
1573 3088 1758 3142 dolore
1825 3087 2097 3141 tabescen-

531 3188 688 3242 tium.
730 3187 1071 3243 Cotidianum
1122 3195 1236 3242 erat
1273 3188 1491 3243 heroico
1532 3187 1667 3257 viro,
1715 3205 1828 3242 esse
1880 3187 1934 3241 in
1979 3188 2094 3242 1060
