2315 3559
207 2054 286 2095 spe
309 2041 478 2104 gloriae

180 2103 497 2153 sempiternae,

266 3054 420 3101 partae

196 3101 512 3148 observatione

286 3157 403 3202 fideli

249 3213 454 3258 lnstituti.

550 259 651 316 198
723 276 974 316 EPISTOLA
1011 278 1060 317 R.
1105 279 1150 317 P.
1194 280 1245 317 N.
1287 279 1407 318 ANT.
1458 280 1583 320 MAR,
1635 281 1944 321 ANDERLEDY

550 421 665 477 eius
716 425 959 492 exemplo
1003 441 1227 491 agamus
1266 442 1374 480 non
1424 427 1644 481 nomine
1689 428 1883 496 solum,
1931 429 2023 483 sed
2063 448 2121 484 re

549 523 862 591 apostolica,
904 532 1067 592 atque
1105 525 1354 579 firmetur
1391 525 1604 581 animus
1643 528 1709 582 ad
1748 527 2117 584 auxiliandum

551 622 636 691 iis,
690 624 785 692 qui
834 624 1182 679 adiuvantem
1229 642 1284 679 se
1334 642 1458 679 cum
1508 643 1616 681 non
1660 626 1911 696 habeant,
1960 646 2119 697 opem

550 723 844 793 implorant
887 732 1148 793 nostram,
1196 732 1255 779 ut
1298 744 1327 780 a
1371 726 1558 794 poenis
1603 727 1946 782 vindicentur
1984 746 2121 783 sem-

551 824 795 893 piternis.

621 925 925 994 Principem
965 942 1092 979 sane
1123 926 1301 980 locum
1328 927 1470 994 apud
1499 943 1596 981 nos
1625 925 1910 982 missiones
1938 934 2120 983 tenere

551 1025 749 1081 debent
786 1043 908 1080 cum
948 1025 1206 1093 collegiis,
1234 1026 1384 1090 Quod
1415 1026 1458 1080 si
1497 1045 1725 1082 numero
1765 1045 1952 1082 sumus
1990 1046 2120 1097 pau-

550 1127 722 1181 ciores
790 1143 954 1194 quam
1023 1145 1120 1195 par
1181 1135 1278 1195 est,
1338 1127 1464 1181 huic
1519 1128 1750 1183 defectui
1807 1147 2120 1184 succurrere

550 1228 709 1284 debet
764 1229 958 1283 ardens
1010 1228 1065 1282 in
1116 1228 1285 1283 Deum
1336 1246 1508 1283 amor.
1563 1229 1754 1283 Divina
1809 1230 2031 1285 caritate
2075 1231 2119 1284 si

550 1329 751 1384 fuerint
817 1328 1141 1383 inflammati
1210 1347 1500 1397 praecones
1563 1329 1858 1397 evangelici
1926 1330 2116 1398 nostri,

550 1450 688 1485 unus
740 1430 843 1486 erit
892 1429 1061 1484 instar
1111 1431 1428 1484 multorum.
1483 1431 1672 1485 Nonne
1722 1430 1891 1485 instar
1935 1431 2119 1499 magni

549 1531 783 1599 agminis
828 1530 930 1585 fuit
972 1530 1022 1585 S.
1073 1531 1295 1585 Petrus?
1337 1531 1430 1585 Vir
1473 1549 1598 1586 vere
1641 1531 1996 1600 admirabiliS,
2033 1531 2119 1586 cui

550 1633 766 1688 laudem
806 1631 1015 1686 meritis
1054 1648 1239 1700 parem
1272 1631 1542 1700 impertiri
1581 1649 1882 1700 numquam
1921 1631 2121 1701 poteri-

552 1751 689 1787 mus.
739 1731 998 1786 Dominus
1043 1738 1224 1786 autem
1270 1730 1407 1785 Deus
1451 1731 1757 1786 Altissimus
1801 1731 2028 1786 contulit
2065 1731 2120 1785 in

551 1851 675 1889 eum
715 1834 919 1901 laudeS,
962 1850 1021 1887 ac
1059 1850 1156 1900 per
1194 1850 1353 1886 suum
1392 1832 1447 1886 in
1491 1832 1650 1887 terris
1687 1832 1960 1886 Vicarium
1995 1831 2120 1887 San-

551 1942 762 1990 ctorum
813 1934 934 1989 albo
985 1950 1108 1988 eum
1159 1933 1462 2002 adscripsit.

619 2035 703 2091 34.
753 2035 965 2090 Gloriae
1014 2052 1074 2088 ac
1116 2033 1388 2089 beatitatis
1432 2041 1708 2089 consortes
1758 2033 1921 2088 habet
1963 2051 2120 2088 suum

552 2137 829 2205 quondam
892 2152 1075 2189 rerum
1132 2133 1442 2189 divinarum
1504 2134 1905 2189 moderatorem
1961 2142 2123 2203 atque

552 2235 1059 2291 innocentissimum
1121 2233 1392 2301 iuvenem,
1451 2233 1623 2302 cuiUS,
1668 2242 1728 2288 ut
1770 2235 1991 2289 credere
2045 2234 2122 2288 fas

553 2345 649 2403 est,
712 2354 836 2391 cum
899 2335 954 2389 in
1014 2333 1173 2389 terris
1235 2342 1436 2401 ageret,
1496 2335 1639 2388 fama
1700 2333 1997 2389 sanctitatis
2053 2335 2121 2389 ad

553 2437 731 2506 ipsum
789 2442 1125 2503 pervenerat.
1185 2434 1320 2489 Ante
1377 2435 1573 2489 horum
1629 2452 1748 2488 aras
1804 2441 2123 2502 sanctasque

553 2536 818 2604 imagines
886 2534 1178 2604 provoluti,
1244 2534 1464 2589 Sanctos
1534 2535 1770 2601 Petrum,
1843 2534 2118 2602 Ioannem,

553 2638 889 2706 Alphonsum
929 2652 1270 2702 veneramur,
1301 2634 1356 2689 in
1394 2652 1630 2704 quorum
1669 2635 1834 2690 fidem
1874 2642 1926 2689 et
1962 2634 2124 2689 clien-

554 2738 717 2792 telam
752 2753 848 2791 nos
883 2742 1104 2790 ovantes
1139 2734 1485 2800 contulimuS,
1515 2735 1582 2789 ad
1618 2751 1736 2789 eam
1771 2751 1921 2801 spem
1960 2733 2123 2788 erecti

557 2838 689 2904 fore,
761 2843 820 2889 ut
885 2842 1160 2889 tantorum
1228 2833 1320 2888 Dei
1383 2851 1664 2889 servorum
1732 2850 2123 2902 persequamur

558 2935 785 3004 vestigia
835 2943 998 3003 atque
1041 2951 1231 2989 eorum
1268 2933 1475 3001 gloriae
1519 2933 1687 2988 simus
1732 2940 2026 2988 consortes

625 3034 710 3090 35.
753 3033 884 3090 Cum
923 3032 973 3087 S.
1023 3032 1341 3088 Benedictus
1385 3032 1688 3101 piissimam
1739 3032 1968 3086 efflasset
2011 3030 2124 3085 ani-

559 3152 724 3202 mam,
767 3150 866 3188 vox
904 3132 1087 3187 audita
1126 3139 1205 3187 est
1245 3150 1255 3185 :
1296 3132 1442 3187 Haec
1478 3138 1554 3186 est
1596 3132 1704 3197 via,
1752 3149 1858 3199 qua
1900 3130 2124 3184 dilectus

557 3234 783 3290 Domini
807 3233 1127 3289 Benedictus
1155 3232 1215 3287 in
1240 3233 1448 3288 caelum
1474 3231 1727 3287 ascendit.
1742 3229 1895 3285 Viam
1923 3227 2124 3298 pariter
