2315 3559
568 189 705 226 R.12
748 189 799 226 N.
842 187 1049 225 CLAUDH
1088 188 1380 234 AQUAV1VAE
1642 175 1735 231 351

296 331 415 376 velut
447 331 674 375 Societatis
700 330 910 374 fabricam
944 330 1175 374 aedificant
1204 336 1248 375 et
1281 331 1488 385 pretiosis
1526 332 1742 386 lapidibus

295 421 524 460 exornant.

210 500 323 545 9-110.
356 501 490 544 Iidem
522 500 699 545 student
718 500 997 554 perfectioni,
1022 505 1288 554 promovent
1314 500 1540 554 unionem,
1564 514 1742 544 conser-

292 593 396 631 vant
416 587 691 631 Societatem.
718 586 809 630 Hoc
831 591 979 629 tamen
1012 599 1100 629 non
1130 586 1177 628 fit
1199 585 1293 629 sine
1314 585 1480 629 labore.
1505 586 1742 629 Servandis

292 672 426 725 igitur
455 671 618 725 regulis
650 670 802 715 sedulo
838 670 1068 724 invigilent
1102 670 1380 724 Superiores,
1414 671 1566 714 conlisi
1604 670 1741 714 Deum

292 756 540 801 adiuturum
572 770 670 799 esse
691 756 992 810 pusillanimes
1013 770 1096 810 per
1118 756 1301 809 gratiam
1333 756 1591 799 vocationis.
1619 755 1742 808 Quod

295 841 471 894 quidem
501 840 713 883 miramur
732 840 780 883 in
802 840 1001 893 noviciis,
1025 846 1068 884 et
1097 840 1403 884 adumbratum
1434 840 1633 884 videmus
1663 854 1745 894 per

292 925 546 979 parabolam
588 925 722 979 figuli.
765 924 872 968 Hinc
914 925 1155 969 animosius
1191 924 1421 978 invigilent
1460 924 1738 979 Superiores,

294 1010 497 1055 tollentes
514 1011 842 1064 impedimenta,
866 1011 1106 1065 praecipue
1128 1011 1306 1064 negotia
1328 1010 1556 1054 secularia.

186 1094 324 1138 11-12.
357 1094 418 1139 Ne
458 1101 603 1138 autem
643 1095 687 1139 in
726 1095 793 1139 his
831 1095 1051 1148 fallantur,
1087 1095 1172 1139 duo
1204 1100 1398 1139 extrema
1430 1094 1604 1138 vitanda
1644 1098 1746 1138 sunt

294 1181 619 1236 Superioribus.
669 1182 880 1236 Alterum,
942 1196 996 1226 ne
1057 1182 1332 1226 subditorum
1393 1181 1573 1225 nimium
1627 1181 1744 1224 coni-

294 1273 425 1311 veant
459 1268 616 1312 erratis
654 1282 663 1311 :
702 1282 788 1322 quo
825 1268 1020 1321 graviter
1055 1273 1269 1312 nocerent
1302 1267 1521 1321 Societati‚
1560 1272 1603 1310 et
1637 1266 1744 1321 ipsis

296 1353 425 1397 etiam
443 1353 648 1407 subditis3
668 1360 716 1397 ut
730 1354 961 1397 manifeste
984 1353 1145 1397 docent
1164 1352 1387 1396 Ecclesiae
1408 1353 1553 1396 Sancti
1576 1352 1743 1406 Patres,

297 1444 340 1482 et
360 1438 400 1482 S.
436 1438 480 1481 P.
513 1438 562 1481 N.
588 1439 796 1492 Ignatius.
829 1439 1041 1486 Alterum.
1075 1452 1130 1482 ne
1161 1438 1412 1492 asperiores
1444 1443 1487 1481 et
1517 1438 1744 1491 graviores

297 1523 383 1567 sint
401 1537 409 1566 z
429 1537 514 1577 qua
534 1523 771 1578 asperitate
791 1523 958 1567 tollitur
978 1523 1021 1566 in
1044 1522 1229 1567 subditis
1245 1522 1496 1566 reverentia
1513 1528 1556 1566 et
1570 1522 1742 1565 fiducia.

187 1608 252 1653 13.
286 1608 404 1653 Duae
427 1615 529 1653 sunt
548 1610 742 1653 rationes
765 1609 1043 1663 gubernandi
1069 1623 1078 1652 :
1102 1609 1239 1653 altera
1259 1609 1438 1663 politica
1468 1614 1511 1652 et
1537 1609 1742 1661 humanu,

296 1693 433 1737 altera
463 1693 671 1747 religiosa
705 1699 749 1737 et
783 1693 1035 1747 spiritualis.
1076 1693 1201 1737 Prior
1235 1693 1386 1736 sedulo
1420 1693 1610 1746 vitanda,
1643 1693 1746 1746 quia

296 1779 443 1832 gravis
478 1778 804 1833 Superioribus,
835 1779 1008 1832 ingrata
1038 1779 1223 1822 subditis
1254 1784 1298 1822 et
1330 1779 1506 1822 inimica
1539 1778 1744 1822 Societati

297 1870 377 1908 est.
402 1864 627 1908 Posterior
648 1864 766 1908 omni
799 1878 883 1918 ope
915 1864 959 1908 in
991 1864 1207 1908 Societate
1236 1863 1469 1908 retinenda
1495 1869 1538 1907 et
1561 1863 1745 1908 colenda

297 1955 387 2002 est;
413 1950 645 2004 siquidem,
669 1956 716 1994 ut
737 1964 832 1994 eam
854 1950 894 1994 S.
920 1950 1114 2004 Ignatius
1145 1956 1188 1994 et
1218 1950 1429 2004 exemplis
1458 1950 1606 1993 docuit
1627 1956 1671 1994 et
1700 1950 1743 1994 in

294 2034 686 2080 Constitutionibus
725 2035 918 2089 tradidit,
961 2036 1022 2080 ita
1060 2035 1263 2080 omnibus
1300 2035 1462 2079 nostris
1492 2036 1639 2079 futura
1678 2041 1745 2079 est

296 2119 445 2163 utilior
465 2125 509 2163 et
526 2119 773 2164 iucundior.

188 2204 253 2248 14.
297 2203 507 2256 Quartum
527 2219 536 2248 ε
556 2205 719 2250 Curent
733 2205 994 2260 Superiores
1010 2211 1058 2249 ut
1074 2205 1214 2250 nostri
1230 2206 1346 2250 inter
1362 2219 1409 2249 se
1427 2211 1470 2250 et
1485 2219 1583 2249 cum
1600 2206 1746 2259 proxi-

295 2290 378 2334 mis
405 2290 520 2334 bene
550 2291 636 2335 sint
666 2291 887 2345 dispositi3
912 2292 1030 2345 quod
1051 2291 1091 2334 S.
1117 2291 1162 2334 P.
1187 2290 1235 2334 N.
1260 2290 1427 2345 pluries
1449 2291 1741 2334 commendat.

297 2375 429 2419 Proin
450 2376 710 2430 Superiores
731 2390 820 2420 non
842 2377 986 2421 ferant
1007 2376 1307 2421 dissensiones
1327 2390 1410 2421 nec
1432 2377 1609 2421 sinistre
1630 2377 1745 2421 dicta

298 2461 351 2505 de
384 2462 652 2516 nationibus,
685 2476 767 2507 nec
801 2462 1189 2516 murmurationes,
1225 2476 1307 2506 nec
1328 2462 1415 2506 ulla
1444 2462 1612 2507 semina
1639 2463 1745 2506 ziza-

300 2548 489 2592 niorum.

191 2633 255 2677 15.
299 2633 515 2678 Memores
539 2634 625 2677 sint
646 2647 800 2678 omnes
820 2634 1071 2678 testamenti
1092 2633 1141 2677 D.
1175 2633 1224 2677 N.
1259 2635 1357 2678 Iesu
1378 2633 1550 2687 Christi,
1584 2633 1743 2687 singuli

299 2718 574 2772 singulorum
597 2731 734 2762 onera
749 2723 993 2772 portantes,
1013 2724 1056 2762 et
1071 2718 1265 2772 privatas
1279 2718 1489 2762 amicitias
1506 2718 1740 2771 fugientes.

192 2803 331 2847 16-17.
356 2803 493 2847 Etiam
510 2803 624 2847 bene
645 2803 925 2857 perpendant
944 2803 1082 2847 verba
1101 2803 1299 2858 Apostoli
1316 2802 1440 2856 (Phil.
1466 2803 1518 2857 II,
1538 2804 1594 2855 sl).
1618 2802 1743 2846 Unde

300 2888 536 2942 disponant
547 2888 791 2932 ministeria
807 2902 947 2940 sacra,
963 2889 1174 2933 docentes
1187 2888 1432 2932 doctrinam
1446 2888 1742 2942 christianam,

301 2975 581 3019 confessione
616 2974 817 3018 iuvantes
853 2975 926 3028 qui
964 2975 1131 3019 maiore
1161 2975 1424 3019 necessitate
1458 2980 1740 3028 premuntur;

301 3060 598 3104 contionando
635 3065 814 3104 servent
846 3060 1024 3104 modurn
1059 3061 1286 3105 Societatis
1321 3074 1408 3104 non
1446 3060 1743 3104 adulterantes

300 3146 485 3191 verbum
503 3145 594 3190 Dei.
