2315 3559
507 245 555 282 R.
599 245 645 281 P.
687 245 738 281 N.
781 241 989 280 CLAUDII
1027 240 1320 287 AQUAVIVAE
1582 224 1681 280 357

239 398 283 436 et
303 389 627 435 observantiam
655 387 924 441 regularum,
948 386 1118 429 animae
1148 384 1288 428 robur
1309 397 1559 435 servemus;
1592 389 1682 427 tum

237 479 282 521 in
311 484 512 530 tempore
537 489 546 518 :
568 481 616 519 ut
635 473 923 528 respiremus,
958 472 1073 515 vires
1104 469 1354 524 spirituales
1384 475 1685 513 restauremus

239 575 409 616 nosque
432 560 558 604 nobis
580 566 623 603 et
641 558 852 613 proximis
878 557 1077 601 utiliores
1103 555 1355 600 reddamus.

128 649 193 693 18.
236 647 435 701 Denique
452 651 734 690 externorum
751 643 1062 687 benevolentia
1078 640 1352 685 concilianda
1368 653 1417 682 ac
1434 639 1682 683 retinenda.

130 733 266 778 19-020.
302 730 615 775 Praecedentia
635 727 987 773 conservationis
1016 727 1160 771 media
1190 724 1558 769 commendantur
1586 724 1687 767 Pro-

237 818 511 870 vincialibus,
535 822 582 859 ut
602 829 653 859 ea
674 829 828 859 omnes
849 813 1077 858 Societatis
1107 812 1181 856 lilii
1211 811 1361 856 Matris
1383 823 1533 854 amore
1555 824 1688 864 gene-

238 918 341 948 rose
361 903 698 958 amplectantur.

215 1061 274 1115 V.
303 1077 369 1114 AD
397 1076 477 1113 ΡΡ.
509 1075 572 1113 ΕΤ
596 1075 676 1112 FF.
708 1074 762 1111 IN
792 1073 954 1111 mons
981 1072 1215 1123 omnm„
1245 1054 1311 1109 12
1332 1054 1437 1108 ian.
1468 1052 1603 1108 1590

516 1180 592 1233 De
627 1179 732 1246 fine
767 1178 1045 1232 Missioiiis
1080 1176 1301 1231 Indicae

573 1287 743 1354 (Tom.
775 1287 815 1354 Ι,
846 1303 935 1354 pp.
965 1283 1238 1351 alli-223.)

132 1441 215 1485 1-2.
240 1439 580 1484 Vaticinationes
626 1437 943 1492 prophetarum
996 1435 1051 1479 de
1102 1433 1424 1488 propagatione
1473 1431 1690 1486 evangelii

240 1524 555 1569 admirabiliter
610 1536 789 1577 semper
836 1520 1057 1575 impletae,
1108 1525 1152 1563 et
1198 1520 1243 1563 in
1291 1519 1439 1562 futuro
1488 1523 1690 1572 tempore

240 1611 504 1666 implendae,
554 1609 684 1654 hodie
740 1608 980 1662 implentur
1033 1606 1260 1650 laboribus
1307 1604 1688 1649 missionariorum

240 1696 484 1742 Societatis.

157 1784 197 1829 3.
241 1783 322 1836 Qui
361 1779 661 1827 excellentiori
700 1779 890 1834 quodam
930 1776 1077 1830 modo,
1116 1790 1247 1830 quam
1287 1774 1423 1819 ceteri
1462 1774 1690 1819 Societatis

239 1867 455 1921 homines,
480 1865 688 1920 Religiosi
709 1863 896 1908 vocandi
914 1869 1029 1907 sunt.

130 1954 215 1998 4-6.
237 1952 451 1997 Hortandi
489 1951 636 2006 proin,
677 1955 726 1994 ut
763 1947 1043 2003 potissimum
1084 1945 1366 1991 conversioni
1405 1945 1602 2000 gentium
1643 1959 1691 1990 se

238 2037 510 2093 impendant,
535 2050 618 2080 nec
635 2034 854 2079 Lusitanis
870 2032 1079 2078 curandis
1099 2032 1230 2077 unice
1245 2031 1517 2076 inhaereant.
1537 2031 1692 2085 Agitur

240 2124 357 2168 enim
392 2122 446 2167 de
477 2120 842 2166 communicando
879 2118 1087 2173 gentibus
1116 2117 1264 2161 fructu
1295 2116 1518 2161 Passionis
1548 2116 1692 2160 Domi-

239 2210 379 2262 nicae,
403 2209 457 2252 de
480 2221 567 2262 quo
589 2205 818 2261 praeclare
839 2204 1018 2248 disserit
1036 2203 1077 2248 S.
1098 2203 1372 2247 Ambrosius.

166 2307 197 2340 1.
239 2295 332 2340 Sint
346 2294 480 2349 igitur
494 2293 595 2338 huic
617 2291 742 2346 operi
762 2291 965 2345 impensa
985 2289 1136 2343 corda,
1159 2302 1292 2333 voces
1314 2294 1358 2332 et
1378 2301 1515 2342 opera
1538 2301 1547 2330 ε
1572 2287 1689 2342 quod

239 2395 322 2436 per
341 2378 699 2424 coniunctionem
727 2391 826 2421 eum
849 2376 940 2420 Deo
963 2373 1249 2419 obtinebitur.

254 2539 339 2592 Vl.
364 2553 430 2591 An
452 2550 827 2590 PROVINCIALES
855 2547 1172 2598 SOCIETATIS,
1196 2530 1263 2585 12
1289 2530 1418 2585 maii
1439 2529 1574 2585 1590

510 2660 586 2714 De
603 2659 846 2713 Iubilaeo
871 2663 921 2711 et
943 2655 1297 2710 missionibus

586 2768 757 2835 (Tom.
784 2767 823 2834 I,
848 2783 936 2834 pp.
961 2764 1233 2832 aaa-230.)

162 2923 201 2965 1.
242 2920 347 2965 Cum
390 2919 562 2973 flagella
605 2917 786 2962 caelitus
828 2916 1024 2960 immissa
1066 2915 1267 2959 homines
1307 2928 1395 2958 non
1435 2913 1687 2966 emendent,

242 3010 442 3049 nostrum
464 3009 531 3048 est
549 3001 835 3057 perfectionis
854 3000 1064 3055 propriae
1093 2999 1236 3044 studio
1267 2998 1492 3042 ardentius
1522 2998 1688 3040 incum-

243 3089 367 3143 bere,
398 3094 446 3132 ut
475 3101 628 3132 eorum
660 3085 912 3130 necessitati
946 3084 1149 3139 opitulari
1179 3083 1416 3127 valeamus.
1442 3082 1488 3125 Id
1519 3095 1543 3124 a
1577 3080 1688 3125 Reli-

245 3173 380 3228 giosis
402 3177 632 3227 exspectat
652 3169 862 3223 Ecclesia,
885 3175 928 3213 et
943 3168 1075 3222 exigit
1095 3181 1249 3212 eorum
1270 3167 1384 3210 vitae
1405 3171 1558 3210 status.
