2315 3559
206 249 273 287 DE
294 249 598 287 REPETENDA
617 248 1075 300 ss,PETnl,1o.m·N.
1096 249 1159 286 ΕΤ
1175 249 1328 286 Atrn.
1350 249 1587 287 nnnonm
1625 235 1724 290 2159

171 393 358 447 eadem
403 394 516 446 laus
552 393 605 446 in
643 409 732 447 eos
777 410 994 460 quoque
1039 392 1322 458 redundat,
1353 393 1446 459 qui
1473 392 1522 445 S.
1575 394 1723 446 loan-
1835 391 2020 489 1ίέἶίἶὲξὸ

170 493 252 546 nis
301 494 515 546 fuerunt
565 501 673 546 tam
724 492 1035 546 Mechliniae
1095 509 1256 558 quam
1308 491 1509 544 Romae
1569 509 1722 559 supe-
1827 501 2027 561 conciliat

202 591 211 600 ,
1762 553 2095 607 Superzoribus.

169 609 359 645 riores,

238 689 361 742 Erat
397 689 484 742 illa
521 696 692 742 aetate
729 690 862 743 lecta
899 689 953 741 in
980 688 1240 742 Societate
1278 688 1543 754 iuventus,
1586 690 1721 741 mul-

168 787 316 855 tique
344 787 398 840 in
436 787 646 854 Belgica
681 796 731 842 et
765 788 1006 841 Romana
1048 787 1326 841 Provincia
1359 787 1725 841 adulescentes

167 886 335 940 nostri
392 888 665 954 praeclaro
728 887 963 953 ingenio,
1018 887 1165 941 omni
1218 887 1478 940 virtutum
1531 905 1725 953 genere

167 985 446 1038 florebant.
478 985 800 1053 Disciplinae
827 1003 884 1039 ac
914 987 1095 1052 legum
1140 985 1289 1052 vigor
1323 985 1581 1052 iungebat
1615 986 1727 1039 ani-

167 1100 302 1150 mos,
334 1091 385 1137 et
424 1084 874 1138 obtrectationum
920 1101 1130 1138 morsus
1157 1092 1207 1137 et
1234 1084 1444 1137 aculeos
1489 1084 1720 1151 arcebat,

172 1182 452 1236 familiaris
475 1200 601 1237 vero
623 1200 745 1237 cum
766 1183 873 1237 Deo
895 1184 1225 1237 consuetudo
1254 1183 1447 1237 miram
1471 1183 1725 1238 afferebat

163 1281 439 1335 communi
466 1282 784 1336 Nostrorum
812 1282 951 1336 vitae
979 1281 1387 1336 iucunditatem.

232 1380 357 1444 Quis
402 1390 577 1447 neget,
626 1381 965 1449 superiorum
1007 1381 1060 1435 in
1106 1381 1295 1449 primis
1340 1381 1518 1435 studio
1562 1391 1722 1449 atque

163 1496 343 1547 opera,
385 1480 439 1533 in
477 1481 575 1534 hac
610 1482 743 1534 valle
777 1481 1121 1535 lacrimarum
1166 1481 1415 1535 caelitum
1461 1482 1723 1548 quodam-

163 1580 324 1633 modo
369 1588 612 1647 paratum
660 1580 761 1634 hoc
797 1598 910 1634 esse
944 1580 1280 1634 domicilium
1308 1582 1331 1634 i?
1357 1580 1540 1634 Omnis
1576 1581 1718 1634 enim

160 1677 508 1732 beatitudinis
536 1686 748 1733 nostrae
770 1679 885 1732 fons
913 1687 1074 1746 atque
1102 1679 1254 1745 origo
1276 1679 1330 1732 in
1352 1680 1578 1747 legibus,
1609 1689 1718 1734 tota

161 1777 239 1831 vis
266 1779 445 1845 legum
474 1778 527 1831 in
555 1778 922 1846 superioribus
950 1787 1045 1832 est.

227 1876 310 1930 22.
363 1877 731 1944 Magistratum
778 1887 982 1933 veteres
1026 1879 1200 1945 legem
1244 1895 1358 1932 esse
1402 1880 1712 1946 loquentem

160 1976 425 2045 dicebant,
443 1979 617 2044 legem
641 1987 819 2032 autem
835 1986 1046 2032 mutum
1062 1978 1458 2045 magistratum.
1479 1979 1711 2045 Regulae
1787 1974 2050 2054 Tuflgflffeg·

158 2085 371 2131 nostrae
398 2086 519 2132 sunt
563 2078 784 2146 quidem
830 2078 1094 2146 magistri,
1125 2078 1219 2146 qui
1257 2079 1322 2132 ad
1351 2095 1566 2132 omnem
1595 2096 1713 2132 eru·
1881 2084 1962 2136 Qui

158 2175 313 2229 diunt
338 2177 592 2244 pietatem
630 2177 1142 2246 perfectionemque,
1174 2178 1264 2231 sed
1299 2177 1445 2231 taciti
1480 2185 1707 2232 tantum.
1809 2146 2037 2247 plgg-{ffilt'

159 2274 226 2328 Ut
256 2275 564 2343 loquantur,
595 2276 962 2344 superioribus
989 2293 1122 2344 opus
1166 2285 1262 2330 est.
1305 2276 1371 2329 Hi
1416 2294 1540 2330 vero
1589 2295 1711 2330 cum
1785 2250 2059 2358 s11ggffi3eoest1nt

158 2389 264 2426 non
309 2374 484 2428 verbis
533 2383 760 2442 tantum,
792 2375 882 2429 sed
921 2393 978 2429 re
1014 2375 1176 2429 etiam
1219 2376 1509 2442 loquantur
1552 2384 1712 2444 atque

158 2473 418 2540 exemplo,
477 2474 774 2541 optandum
818 2481 897 2528 est
961 2482 1020 2527 ut
1080 2473 1173 2541 qui
1229 2482 1484 2541 praesunt
1532 2475 1712 2541 legum

158 2569 362 2624 similes
390 2571 512 2625 sint.
542 2571 821 2626 Animatae
848 2580 1027 2627 autem
1056 2572 1289 2639 Regulae
1311 2572 1348 2625 ii
1371 2573 1707 2639 videbantur,

158 2669 251 2736 qui
278 2670 493 2724 fuerunt
518 2669 568 2725 S.
601 2671 785 2725 Ioanni
812 2672 1198 2726 moderatores

227 2769 393 2837 PlatO,
457 2777 572 2822 tum
640 2769 873 2838 denique
934 2771 1045 2825 fore
1107 2771 1289 2825 beatas
1337 2788 1420 2825 res
1469 2771 1708 2838 publicas

157 2868 382 2936 putavit,
419 2868 462 2922 si
499 2877 591 2922 aut
634 2868 776 2922 docti
820 2887 878 2923 ac
922 2870 1187 2938 sapientes
1232 2888 1318 2925 eas
1364 2887 1548 2935 regere
1592 2887 1710 2925 coe-

156 2967 376 3035 pissent,
422 2976 514 3021 aut
556 2967 593 3020 ii
643 2967 737 3035 qui
780 2977 1027 3034 regerent
1069 2986 1227 3023 omne
1272 2987 1429 3022 suum
1468 2969 1705 3023 studium

158 3065 213 3118 in
257 3066 500 3120 doctrina
537 3084 595 3120 ac
639 3066 900 3134 sapientia
943 3068 1306 3122 collocassent.
1354 3068 1487 3122 Vera
1525 3076 1703 3121 autem
1749 3068 2075 3147 T¹¹¹¹5rf¹31f125¹i11t·

158 3164 418 3232 sapientia
457 3165 715 3219 altissima
760 3166 896 3233 sapit
940 3174 1100 3234 atque
1143 3167 1533 3235 complectitur.
1575 3167 1705 3222 Ecce
