2315 3559
496 204 600 260 364
923 223 1242 262 SUMMARIUM
1284 223 1649 261 EPISTOLARUM

607 367 912 422 exstirpandas
932 368 1217 412 meditatione
1240 368 1487 412 divinarum
1508 367 1850 422 perfectionum,
1875 382 2062 423 quarum

607 453 838 497 duodecim
861 454 1147 497 considerare
1169 453 1301 497 iuvat.

497 538 635 584 10-21.
662 540 704 583 1⁰
725 539 926 584 Maiestas
949 540 1082 593 exigit
1103 539 1307 583 timorem
1329 546 1373 583 et
1392 539 1707 584 reverentiam.

486 1830 554 1874 22.

485 2001 553 2046 23.

660 625 704 668 2Ο
727 625 982 669 Praesentia
1001 625 1237 679 puritatem
1262 631 1306 669 et
1325 625 1610 679 diligentiam.

659 710 704 755 3⁰
726 710 976 755 Dominium
1000 710 1344 755 oboedientiam.

660 796 704 840 40
726 796 1007 840 Providentia
1027 796 1389 850 resignationem.
1414 796 1459 840 5⁰
1481 797 1700 841 Beneficia
1730 797 2059 851 gratitudinem.

713 883 758 926 6⁰
777 881 1000 936 Sapientia
1015 882 1303 926 attentionem
1326 887 1370 926 et
1391 881 1672 926 docilitatem.

604 970 647 1014 7⁰
679 969 960 1013 Pulchritudo
982 969 1404 1023 concupiscentiam,
1435 975 1479 1013 et
1507 983 1658 1013 rerum
1687 975 1936 1013 creatarum
1959 983 2062 1013 con-

602 1062 832 1110 temptum.
876 1055 920 1099 8⁰
959 1055 1158 1100 Suavitas
1199 1056 1430 1099 sanitatem
1470 1055 1603 1110 palati
1638 1055 1692 1099 ab
1729 1055 1848 1099 omni
1878 1060 2060 1100 terreno

603 1156 778 1196 sapore.
817 1142 861 1185 9⁰
896 1141 1153 1185 Liberalitas
1196 1141 1460 1195 petitionum
1506 1141 1798 1186 constantiam
1843 1146 1887 1185 et
1925 1141 2061 1195 impe-

601 1227 745 1271 trandi
776 1228 995 1272 fiduciam.
1025 1227 1091 1272 100
1111 1228 1247 1272 Amor
1267 1240 1480 1280 amorem,
1505 1241 1637 1282 quem
1661 1227 1735 1281 qui
1757 1232 1919 1280 servat,
1943 1225 2062 1270 nulla

601 1314 642 1357 vi
660 1328 684 1357 a
700 1313 886 1358 Domino
905 1313 1103 1368 separari
1124 1318 1286 1368 potest.

603 1400 672 1443 11Ο
693 1400 818 1452 Quod
851 1400 906 1443 sit
937 1399 1118 1454 spiritus
1150 1406 1194 1443 et
1222 1399 1312 1443 vita
1342 1398 1529 1452 animae,
1562 1399 1693 1453 exigit
1721 1404 1769 1442 ut
1799 1397 1942 1442 omnis
1972 1398 2061 1442 vita

600 1492 754 1530 nostra
775 1485 828 1529 ab
851 1485 923 1529 illo
945 1485 1176 1540 procedat.

601 1572 670 1615 12ο
710 1571 835 1624 Quod
871 1571 927 1616 sit
965 1571 1064 1615 linis
1106 1578 1150 1615 et
1188 1576 1391 1615 centrum
1427 1570 1615 1623 animae,
1657 1570 1791 1624 exigit
1821 1577 1869 1614 ut
1907 1576 2061 1614 nostra

599 1658 747 1703 omnia
767 1658 811 1701 in
840 1658 961 1702 illum
992 1657 1190 1701 tendant.
1226 1656 1291 1701 Ad
1326 1656 1369 1701 id
1399 1656 1653 1700 necessario
1685 1656 1982 1710 eluctandum‚
2016 1662 2060 1701 et

598 1744 726 1788 facile
748 1749 817 1788 est
837 1743 1016 1787 amanti.

599 1829 764 1873 Harum
785 1828 920 1883 igitur
940 1829 1018 1873 Uei
1038 1827 1364 1884 perfectionum
1391 1833 1558 1872 attenta
1578 1827 1876 1872 consideratio
1897 1841 2059 1881 magna

598 1915 780 1971 spiritus
801 1915 926 1959 lucra
947 1914 1116 1958 afferet.

595 2001 811 2046 Audiatur
830 2001 871 2046 S.
895 2000 1116 2046 Ambrosii
1138 2000 1384 2045 adhortatio
1411 2000 1465 2043 ad
1487 2000 1686 2044 athletas.

487 2171 617 2225 XIV.
659 2186 725 2224 AD
764 2185 1142 2224 rnovmclALEs
1180 2184 1498 2237 sommum,
1535 2168 1603 2222 24
1639 2169 1890 2223 novemb.
1921 2167 2056 2223 1612

536 2309 613 2364 De
632 2309 804 2378 officii
823 2309 1007 2363 divini
1026 2309 1339 2363 recitatione
1359 2326 1419 2362 ae
1439 2307 1787 2363 celebratione
1806 2306 2005 2360 missae

514 2582 551 2625 1.

939 2429 1111 2498 (Tom.
1144 2430 1183 2497 1,
1214 2446 1304 2498 pp.
1334 2426 1609 2496 326-337.)

594 2580 795 2626 Officium
836 2580 1032 2624 divinum
1071 2580 1155 2624 rite
1195 2594 1220 2623 a
1259 2579 1388 2624 nobis
1427 2577 1773 2634 persolvendum
1813 2582 1895 2631 est,
1932 2582 2053 2621 tanto

595 2666 751 2721 magis,
789 2666 907 2720 quod
942 2666 986 2709 id
1027 2679 1114 2710 non
1156 2665 1199 2709 in
1242 2666 1395 2719 choro,
1438 2664 1516 2709 sed
1554 2664 1761 2720 privatim
1796 2663 2049 2708 recitamus.

594 2752 923 2796 Attendendum
943 2752 1078 2805 igitur
1098 2752 1151 2795 ad
1167 2758 1359 2806 tempus,
1383 2751 1436 2795 ad
1457 2751 1619 2805 locum,
1638 2750 1768 2795 situm
1800 2755 2053 2803 statumque

595 2837 821 2892 corporis;
846 2836 964 2880 circa
981 2850 1095 2890 quae
1112 2836 1274 2881 iuverit
1288 2842 1336 2880 ut
1353 2850 1400 2880 se
1417 2836 1607 2891 quisque
1630 2835 1862 2879 examinet.
1883 2833 2053 2878 Iuvabit

595 2922 725 2968 etiam
748 2928 928 2976 gustare
962 2921 1233 2965 psalmorum
1256 2921 1532 2975 suavitatem,
1556 2921 1748 2965 excitare
1768 2919 1813 2963 in
1835 2933 1883 2964 se
1904 2918 2051 2963 varios

595 3010 639 3054 in
682 3008 863 3053 Psalmis
899 3013 1133 3052 contentos
1173 3008 1371 3062 affectus,
1413 3007 1565 3061 legere
1600 3005 1965 3051 commentarium
2005 3004 2050 3048 in

596 3096 808 3149 Psalmos,
831 3100 875 3139 et
891 3094 926 3138 si
949 3094 1047 3148 quis
1068 3093 1314 3138 versiculus
1336 3094 1529 3138 animum
1545 3092 1749 3145 moverit,
1773 3106 1873 3136 eum
1895 3096 2051 3145 postea

594 3181 880 3226 meditatione
896 3179 1111 3224 recolere.
