2315 3559
222 230 289 268 DE
310 229 615 267 REPETENDA
633 229 705 267 55.
726 228 897 280 PETRI,
916 228 1094 267 IOANN.
1115 229 1176 266 ET
1193 229 1345 267 ALPu.
1366 230 1606 268 MEMORIA
1643 215 1743 270 ⁹205

188 390 647 441 quarumcumque
700 373 999 426 mulierum
1055 373 1435 434 immiscerent,
1506 391 1624 426 cum
1686 375 1743 426 id

190 471 364 537 ipsius
411 469 691 524 Societatis
737 470 992 524 Iustituto
1042 471 1377 524 contrarium
1420 471 1745 537 dignoscere-

189 575 294 622 tur.
349 569 489 622 Haec
539 569 701 622 refert
751 568 1067 622 Benedictus
1117 568 1257 633 xm
1312 567 1566 634 idemque
1613 568 1745 621 Pon-

187 667 331 734 tifex,
397 685 518 721 cum
586 685 646 721 ex
724 666 958 721 Concilio
1030 667 1340 721 Tridentino
1413 683 1744 732 consequens

188 783 300 821 esse
372 766 769 834 pronuntiasset
822 784 832 819 :
895 766 1224 820 illonasteria
1296 766 1467 832 adire,
1537 766 1746 818 monia-

189 867 362 935 [esque
428 866 659 920 invisere
722 866 840 919 sine
911 866 1140 918 custodis
1210 863 1508 932 (Episcopi)
1593 864 1745 917 iussu

189 964 345 1018 licere
376 963 607 1030 nemini,
646 971 760 1016 rata
799 963 987 1017 eadem
1030 962 1238 1029 hahuit,
1281 963 1410 1016 haec
1456 961 1693 1015 adiciens
1732 977 1742 1012 :

189 1062 336 1128 Quae
379 1064 596 1132 quidem
634 1063 948 1130 confirmata
991 1063 1210 1116 omuino
1254 1063 1517 1127 rotumus‘,
1571 1080 1650 1124 ac,
1697 1063 1747 1115 si

186 1181 316 1230 opus
339 1163 429 1227 sit,
454 1164 591 1231 quod
610 1180 717 1216 uon
737 1169 1016 1229 putamus‘,
1040 1180 1177 1215 nova
1204 1162 1313 1229 tege
1349 1162 1625 1215 sumimus
1645 1160 1740 1227 (1).

256 1262 480 1315 Planum
529 1261 695 1328 igitur
750 1269 845 1329 est,
899 1269 1009 1314 tam
1064 1261 1426 1327 legislatorem
1477 1268 1741 1327 nostrum,

185 1360 236 1414 S.
285 1359 572 1427 Ignatium‚
625 1377 789 1428 quam
839 1359 1058 1414 comitia
1111 1368 1294 1414 nostra
1336 1359 1625 1426 generalia,
1678 1360 1743 1412 ad

187 1467 422 1514 mentem
472 1459 522 1513 S.
571 1459 834 1514 Ecclesiae
884 1459 1087 1526 fecisse,
1146 1476 1266 1513 cum
1318 1460 1460 1525 leges
1517 1458 1571 1512 in
1627 1475 1745 1512 eam

187 1577 351 1627 quam
419 1560 526 1614 dixi
593 1559 912 1614 sententiam
973 1559 1211 1614 tulerint.
1277 1538 1497 1613 Sanctus
1565 1567 1744 1612 autem

188 1658 460 1712 Fundator
532 1659 694 1713 etiam
756 1660 996 1727 exemplo
1064 1658 1194 1726 quid
1265 1666 1528 1726 spectaret
1599 1658 1743 1711 haud

187 1758 411 1812 obscure
455 1758 762 1812 declaravit.

255 1857 446 1912 Dotare
500 1866 748 1926 coeperat
803 1856 1052 1912 Societati
1108 1856 1394 1924 collegium
1457 1856 1562 1910 dux
1622 1856 1660 1909 F
1665 1873 1746 1910 er-

187 1957 457 2012 rariensis,
501 1957 801 2011 Plurimum
839 1957 928 2011 ille
978 1957 1188 2011 valebat
1232 1956 1423 2024 opibus
1463 1974 1521 2010 ac
1559 1964 1746 2025 poten-

186 2057 277 2125 tia,
319 2058 639 2126 favebatque
683 2057 1006 2112 feminarum
1044 2057 1324 2124 coenobio,
1366 2065 1481 2110 tum
1525 2065 1745 2125 propter

186 2166 489 2227 perspectas
539 2158 641 2212 sibi
702 2158 917 2212 illarum
973 2157 1263 2212 mulierum
1319 2157 1564 2225 virtuteS,
1628 2165 1743 2210 tum

187 2257 436 2325 maxime,
489 2259 634 2326 quod
679 2265 850 2311 mater
893 2257 1007 2311 eius
1046 2257 1355 2324 religiosam
1399 2257 1547 2311 illam
1592 2256 1747 2311 fami-

184 2357 313 2411 liam
363 2357 698 2411 instituisset.
750 2356 908 2411 Petiit
963 2356 1130 2424 igitur
1185 2374 1214 2410 a
1269 2355 1460 2411 Sancto
1512 2356 1740 2423 Ignati0‚

186 2463 246 2509 ut
297 2457 505 2525 aliquot
544 2463 755 2510 tantum
811 2457 1028 2511 dierum
1070 2454 1148 2523 (Ξ)
1193 2473 1380 2510 curam
1425 2455 1501 2509 illi
1561 2472 1746 2509 mona-

240 2647 303 2699 (1)
337 2646 531 2701 Epistola
561 2646 730 2701 encycl.
765 2647 1062 2702 Gravissimo‚
1096 2660 1188 2701 qua
1220 2646 1501 2702 prohibetur
1531 2659 1586 2690 ne
1625 2646 1741 2700 quis,

187 2722 326 2767 etiam
367 2723 601 2776 eaeemptns
641 2724 684 2766 et
722 2722 1028 2767 ecclesiastica
1068 2722 1299 2778 dionitate
1326 2722 1643 2778 praesumens,
1683 2720 1743 2765 ad

187 2797 471 2841 monasteria
501 2796 775 2841 monialium
801 2797 992 2842 accedat
1019 2798 1116 2842 sine
1152 2797 1398 2842 Ordinarii
1430 2797 1517 2841 loci
1539 2796 1740 2841 licentia.

187 2871 263 2927 Cp.
306 2872 412 2915 Ben.
449 2870 538 2915 XIV
573 2871 626 2915 de
667 2885 762 2925 syn.
807 2871 946 2916 dioec.
969 2871 997 2916 l.
1021 2873 1130 2917 XIII.
1156 2887 1193 2916 c.
1214 2872 1280 2916 11⁶2.
1305 2886 1348 2915 n.
1372 2871 1440 2916 23.

241 2947 303 3000 (2)
334 2947 450 2991 Haec
482 2946 645 2990 Romae
675 2947 734 2991 ita
762 2946 934 2991 reddita
956 2954 1058 2992 sunt
1090 2948 1234 2992 italice
1269 2962 1278 2991 :
1304 2960 1391 3002 per
1421 2947 1579 2991 alcuni
1602 2944 1743 3000 pochi

187 3023 343 3079 §iorni
386 3022 443 3076 (a.
491 3022 629 3075 1860).
677 3021 848 3066 Recens
897 3023 1120 3077 interpres
1177 3023 1315 3067 utitur
1361 3023 1482 3066 hisce
1529 3021 1678 3065 verbis
1731 3034 1739 3062 :

187 3112 303 3153 pour
342 3098 533 3152 quelque
575 3100 730 3153 temps.
774 3098 820 3141 P.
863 3098 1156 3143 Ribadeneira
1194 3113 1288 3143 rem
1318 3099 1378 3142 ita
1411 3104 1562 3142 narrat
1594 3112 1603 3140 z
1635 3110 1742 3151 para

190 3186 276 3227 que
316 3172 500 3228 aig-unos
540 3172 641 3217 dias
680 3172 882 3217 tuviesen
917 3186 1067 3228 cargo.

1883 574 2016 604 Const.

1851 614 1976 652 Quam
1995 617 2038 645 ‘Is

1885 657 2004 689 iusto.

1843 704 1952 727 anno
1980 697 2058 726 1719

1845 736 1947 776 prid.
1968 737 2056 767 Kal.

1895 778 2004 808 Maii.

1898 858 2006 889 Trid.

1898 908 1997 930 sess.

1816 940 1856 971 23
1872 941 1924 970 De
1941 939 2085 979 Regul.

1844 982 1880 1012 et
1897 981 2061 1012 Monial.

1873 1031 1904 1053 c.
1926 1024 1957 1053 Γ).
1983 1021 2033 1053 rf.
