2315 3559
231 228 298 265 DE
324 225 580 264 VANITATE
608 225 785 263 RERUM
816 221 1146 260 HUMANARUM
1176 220 1561 258 commi-saxna
1599 202 1695 256 ³257

212 371 288 424 Ad
351 387 512 437 quem
573 368 786 423 divinae
847 365 1139 420 maiestatis
1200 365 1402 418 cultum
1472 371 1580 416 tam
1643 362 1695 415 in

145 469 401 535 collegiiS,
449 485 611 536 quam
667 467 720 519 in
764 465 1033 520 sodaliciis
1078 472 1128 518 et
1172 464 1226 517 in
1271 462 1462 531 quovis
1513 461 1696 515 minis-

143 571 277 625 terio
322 579 504 625 nostro
549 569 730 623 omnia
773 568 1053 622 referenda
1097 574 1236 620 sunt.

213 671 271 723 ln
325 668 562 737 collegiis
612 668 833 735 quidem
885 667 938 720 in
990 674 1199 720 teneros
1251 664 1458 718 animos
1509 663 1697 716 influat

144 769 312 836 pietas
357 777 518 835 atque
572 766 821 820 illabatur
876 765 1105 819 initium
1156 763 1474 831 sapientiae,
1537 762 1698 815 timor

142 867 384 921 Domini.

211 966 307 1029 Qui
381 965 424 1019 si
498 964 658 1019 suerit
731 964 1008 1032 discipulis
1081 962 1292 1028 insitus,
1370 978 1476 1015 non
1544 960 1697 1013 facile

144 1065 418 1133 quispiam
478 1072 788 1118 nostrorum
848 1062 1053 1130 lugebit
1104 1063 1300 1115 frustra
1362 1078 1415 1114 se
1478 1077 1697 1128 operam

144 1181 342 1232 ponere
386 1164 439 1218 in
484 1163 741 1230 collegiis,
789 1164 934 1230 quod
974 1161 1129 1230 pauci
1180 1162 1402 1215 fortasse
1452 1160 1557 1213 sint
1605 1160 1698 1228 qui

143 1281 204 1318 ea
247 1264 604 1331 frequentent.
659 1262 791 1317 Sunt
835 1262 911 1315 illi
958 1261 1112 1329 pauci
1163 1261 1329 1315 instar
1380 1261 1693 1313 multorum.

144 1362 242 1426 Qui
304 1362 447 1417 enim
510 1363 811 1416 litterarum
879 1361 1206 1415 curriculum
1274 1377 1396 1413 cum
1465 1358 1695 1427 pietatis,

144 1462 346 1528 ingenii
405 1480 463 1516 ac
522 1461 833 1528 diligentiae
894 1462 1050 1514 laude
1107 1460 1467 1526 confecerunt,
1532 1459 1699 1512 multa

144 1562 491 1629 postmodum
537 1578 643 1615 non
697 1577 818 1614 raro
874 1560 1242 1626 moderantur,
1292 1560 1488 1612 multos
1544 1576 1700 1626 saepe

144 1660 246 1714 sibi
285 1660 541 1714 obnoxios
580 1661 795 1727 habent,
837 1660 891 1713 in
919 1659 1033 1727 ipsa
1061 1677 1116 1713 re
1143 1658 1358 1727 publica
1398 1658 1701 1726 impediunt

148 1761 306 1827 mala,
364 1760 504 1814 bona
559 1761 640 1814 vel
705 1759 931 1813 suadent
986 1760 1067 1813 vel
1123 1758 1415 1813 conficiunt
1463 1766 1513 1812 et
1562 1758 1700 1811 intra

145 1860 467 1915 domesticos
506 1859 736 1928 parietes
775 1867 885 1913 tam
934 1858 991 1912 hi
1041 1876 1204 1927 quam
1246 1857 1353 1925 alii,
1403 1858 1497 1926 qui
1548 1858 1702 1912 soda-

144 1960 279 2014 litati
320 1961 702 2014 Immaculatae
746 1959 982 2026 Virginis
1027 1976 1222 2013 nomen
1272 1958 1555 2025 dederunt,
1596 1958 1700 2012 Deo

144 2061 408 2127 adiuncti,
471 2068 530 2114 ut
592 2059 768 2114 verbis
830 2067 950 2113 utar
1023 2059 1279 2114 Indorum
1342 2058 1589 2127 apostoli,
1654 2065 1700 2112 et

142 2177 364 2213 ‘tcoeorem
412 2166 461 2214 et
509 2159 795 2227 familiam
837 2164 1146 2226 component
1190 2164 1370 2212 totam.

210 2257 294 2312 26.
343 2258 593 2326 Magnum
637 2276 698 2312 ex
741 2258 888 2312 omni
925 2258 1107 2312 labore
1145 2265 1328 2311 nostro
1366 2256 1458 2311 Dei
1497 2256 1699 2323 gloriae

144 2359 378 2411 fructum
439 2358 715 2426 percipere
776 2357 1040 2426 cupimus
1096 2357 1263 2420 Quem
1324 2365 1383 2411 ut
1437 2374 1496 2411 ex
1548 2356 1702 2410 soda-

142 2457 278 2511 liciis
334 2456 529 2511 nostris
590 2457 923 2525 colligamUS,
989 2457 1217 2525 diligens
1272 2474 1332 2511 ea
1385 2456 1561 2510 cautio
1622 2464 1701 2510 est

145 2557 468 2623 adhibenda,
521 2574 588 2610 ne
631 2556 719 2624 pia
763 2574 821 2610 ac
875 2557 982 2611 Deo
1028 2557 1202 2611 dicata
1263 2574 1376 2611 esse
1432 2556 1695 2623 desinant,

145 2664 196 2710 et
244 2655 512 2723 gradatim
569 2656 635 2709 ad
686 2657 909 2723 profana
966 2665 1187 2723 vergant
1246 2655 1512 2709 sodalium
1563 2654 1701 2710 desi-

145 2755 310 2809 deria.
363 2755 439 2808 Ad
497 2755 699 2808 cultum
762 2754 903 2809 enim
950 2755 1042 2809 Dei
1088 2764 1139 2810 et
1190 2755 1558 2810 sanctissimae
1606 2754 1699 2808 Dei

145 2853 345 2920 MatriS,
387 2854 451 2907 ad
492 2870 639 2907 sacra
672 2870 826 2920 saepe
865 2853 1228 2921 percipienda,
1270 2854 1335 2908 ad
1375 2853 1519 2921 piam
1559 2870 1701 2906 mor-

146 2961 254 3007 tem
321 2953 626 3007 obeundam
694 2953 793 3006 bae
848 2953 1156 3008 sodalitates
1218 2953 1492 3007 institutae
1555 2961 1694 3019 sunt,

144 3069 241 3106 nec
285 3052 388 3106 illis
433 3060 607 3119 potest
651 3069 764 3105 esse
808 3053 914 3105 ulla
958 3069 1079 3106 cum
1125 3054 1327 3108 mundo
1373 3052 1615 3107 societas.

213 3151 361 3204 Nunc
406 3150 626 3218 quidem
671 3150 791 3204 illae
835 3150 1026 3205 florent
1070 3169 1276 3219 eorum,
1324 3151 1416 3219 qui
1461 3168 1516 3205 se
1559 3158 1698 3204 totos

253 3252 383 3299 ToME
403 3252 471 3298 IV.
1540 3253 1588 3297 17

1793 846 1856 876 Ps.
1877 846 1947 882 110,
1968 847 2015 878 10.

1783 887 1902 918 Eccli.
1923 889 1949 923 1,
1978 889 2025 918 1⁴5.

1744 2118 1783 2149 S.
1800 2118 1942 2149 Franc.
1970 2118 2072 2149 Xav.

1765 2160 1806 2190 P.
1820 2160 1863 2190 G.
1887 2160 2051 2191 Barzaeo

1838 2200 1874 2231 17
1888 2200 1978 2231 Kal.

1778 2242 1875 2272 Maii
1893 2250 1929 2272 a.
1949 2242 2039 2273 ηρ.

1786 2310 2026 2352 avertenda

1855 2378 1961 2407 vero

1772 2432 1796 2461 a
1820 2419 2041 2462 sodalibus

1804 2474 2004 2527 profana.
