2315 3559
214 777 333 821 inter
354 778 491 833 pluri-

305 848 400 878 mas

205 888 484 935 difficultates
502 903 512 944 ;

201 2479 239 2511 C.
256 2487 338 2512 van
355 2479 484 2519 Aken‚

173 2521 247 2555 Vie
261 2520 310 2552 de
319 2522 357 2553 S.
370 2522 505 2555 Pierre

215 2563 358 2594 Claver
371 2564 401 2595 1.
414 2565 463 2596 11.

250 2604 374 2645 Chap.
396 2606 429 2637 4.

238 2977 451 3022 imitanda

216 3032 402 3078 fidelitas
419 3034 461 3078 in

269 3089 414 3133 officio

240 3142 440 3195 Ministri‚

568 203 670 261 ‘190
742 223 991 262 EPISTOLA
1029 225 1078 263 R.
1122 225 1168 264 P.
1210 227 1262 264 N.
1305 226 1425 264 ANT.
1475 225 1600 265 MAR.
1648 226 1956 266 ANDERLEDY

565 368 912 438 scripserunt,
955 371 1162 426 socium
1207 372 1280 426 ita
1324 381 1771 442 commemorant,
1810 382 1869 428 ut
1911 374 2131 442 planum

564 469 786 524 omnino
849 470 935 538 sit,
1007 488 1130 525 eum
1192 471 1468 526 horruisse
1529 490 1805 540 egressum
1873 491 1900 527 e
1968 473 2130 528 domo

563 578 764 638 nostra,
829 588 925 625 nec
993 589 1203 625 moram
1265 571 1319 625 in
1381 572 1554 627 aliena
1615 573 1952 640 sustinuisse,
2017 574 2131 628 sine

562 678 714 724 teste.

630 772 714 827 25.
782 772 1169 827 Difficillimum
1231 781 1410 829 tamen
1460 774 1509 829 ei
1572 774 1690 842 fuit,
1738 774 1864 828 huic
1913 775 2131 841 regulae

561 873 805 940 obsequi.
859 871 1080 941 Saepius
1132 873 1179 927 ei
1224 882 1338 928 erat
1382 875 1686 929 exeundum
1737 874 1919 942 dom0‚
1965 883 2025 929 ut
2074 874 2130 928 in

559 971 814 1039 NigritaS,
868 971 923 1026 in
979 971 1182 1027 alienos
1243 991 1273 1027 a
1340 973 1446 1028 fide
1521 973 1802 1041 catholica,
1868 973 1922 1027 in
1984 974 2128 1043 ipsos

560 1071 877 1126 Mahometis
928 1080 1216 1127 sectatores
1268 1072 1606 1141 impenderet
1656 1091 1895 1142 operam.
1946 1074 2129 1129 Plures

558 1172 844 1226 succedere
905 1171 1174 1226 debebant
1235 1172 1385 1240 socii,
1450 1174 1595 1241 quod
1659 1192 1796 1228 unus
1864 1173 1917 1228 in
1979 1182 2128 1229 tanto

557 1270 683 1324 solis
722 1277 871 1325 aestu
910 1272 1145 1325 calorem
1189 1279 1300 1325 tam
1341 1272 1433 1326 diu
1478 1272 1708 1326 tolerare
1746 1289 1853 1326 non
1897 1280 2124 1341 poterat,

555 1387 720 1438 quam
760 1369 854 1424 diu
883 1370 1069 1425 Petrus
1116 1388 1240 1425 eum
1269 1371 1584 1426 sustinebat.
1626 1372 1797 1439 Aegre
1836 1371 1997 1426 etiam
2034 1372 2129 1426 ali-

555 1470 647 1539 qui
687 1470 735 1525 ei
770 1488 826 1525 se
865 1471 1234 1539 adiungebant
1272 1471 1463 1539 sociOS,
1503 1480 1618 1526 tum
1663 1480 1886 1541 propter
1929 1473 2126 1527 nimios

553 1588 677 1625 suos
722 1571 951 1639 laboreS‚
999 1579 1113 1626 tum
1160 1580 1383 1640 propter
1421 1580 1815 1640 repugnantem
1853 1580 2121 1628 naturam.

556 1671 663 1725 Deo
714 1671 1060 1739 permittente
1116 1671 1169 1726 id
1222 1671 1435 1739 accidit,
1494 1680 1553 1726 ut
1607 1680 1877 1726 constaret
1937 1672 2125 1740 quanti

552 1770 751 1825 faciant
818 1771 919 1825 viri
990 1771 1159 1826 sancti
1233 1772 1370 1826 hanc
1442 1780 1684 1827 nostram
1757 1774 1999 1840 regulam
2074 1781 2127 1827 et

552 1888 661 1939 quo
712 1871 895 1926 animo
941 1880 1197 1941 superent
1241 1872 1601 1927 difficultates,

620 1971 842 2026 Sanctus
904 1972 1126 2041 quidem
1179 1972 1385 2041 PetrUS,
1445 1990 1569 2027 cum
1625 1973 1730 2040 legi
1786 1974 1920 2028 adeo
1970 1973 2123 2040 gravi

552 2074 736 2128 deesse
787 2073 1013 2128 minime
1064 2074 1238 2141 vellet,
1281 2081 1437 2142 pacto
1482 2091 1604 2134 cum
1646 2073 1922 2128 Fratribus
1960 2073 2124 2129 Adiu-

551 2176 759 2231 toribus
804 2176 957 2244 inito,
1006 2176 1202 2245 quibus
1248 2194 1344 2245 per
1393 2176 1602 2230 labores
1652 2193 1759 2230 non
1803 2176 1955 2231 licuit
1997 2194 2121 2231 eum

551 2278 819 2345 comitari,
866 2285 1074 2346 partem
1127 2278 1240 2346 ipse
1297 2277 1493 2345 operiS,
1547 2294 1636 2332 eos
1693 2277 1954 2332 adiuvans
2009 2295 2123 2331 sus-

550 2379 709 2447 cepit,
775 2387 828 2433 et
877 2378 978 2448 ipsi
1032 2378 1288 2446 vicissim,
1348 2379 1487 2433 facto
1538 2378 1652 2433 eius
1703 2396 1804 2447 ope
1858 2378 2119 2447 temporis

549 2478 718 2546 lucr0,
773 2478 904 2533 socii
967 2478 1205 2533 officium
1256 2478 1304 2533 ei
1355 2479 1757 2546 praestiterunt.
1818 2478 1981 2533 Insita
2042 2486 2120 2533 est

551 2578 870 2634 Sanctorum
934 2579 1204 2634 mentibus
1261 2580 1500 2648 profecta
1561 2597 1622 2634 ex
1682 2579 1864 2633 animo
1915 2579 2118 2633 excelso

550 2679 800 2746 fidelitas,
844 2679 993 2734 cuius
1040 2679 1344 2748 praemium
1388 2680 1438 2734 S.
1490 2680 1676 2735 Petrus
1720 2680 2117 2748 amplissimum

549 2781 690 2849 tulit,
750 2780 955 2848 ingenti
1011 2798 1134 2835 cum
1190 2781 1499 2835 animorum
1556 2782 1731 2836 fructu
1793 2789 1844 2836 et
1903 2780 2118 2836 divinae

548 2880 754 2948 gloriae
798 2880 1149 2935 incremento,

617 2980 702 3035 26.
748 2980 1068 3035 Persuasum
1109 2988 1288 3035 autem
1329 2982 1762 3036 moderatoribus
1801 2990 1932 3049 erat,
1974 2983 2114 3036 hunc

551 3080 857 3135 mirabilem
915 3088 1199 3148 quaestum
1256 3081 1564 3135 animorum
1615 3081 1818 3136 dictum
1869 3099 2116 3150 compro-

548 3180 677 3235 bare
716 3179 766 3235 S.
811 3179 1005 3249 Ignatii
1052 3181 1116 3236 de
1182 3180 1379 3236 virtute
1422 3181 1594 3236 solida
1638 3188 1689 3236 et
1732 3198 1913 3236 rerum
1958 3180 2116 3250 spiri-
