2315 3559
203 256 269 293 DE
290 253 595 292 REPETENDA
616 253 687 290 ss
709 250 1075 302 PETR1,10ANN.
1096 250 1157 288 ET
1171 250 1323 288 ALPH.
1345 251 1585 288 MEMORIA
1622 236 1723 290 173

171 407 269 466 rat,
322 415 416 452 nec
467 413 727 464 umquam
778 403 891 449 erat
939 394 1231 461 revisurus,
1278 411 1384 447 non
1430 394 1580 461 adiit,
1627 413 1722 448 nec

170 497 411 551 animum
462 495 637 563 potuit
684 495 955 560 inducere,
1008 501 1065 546 ut
1126 492 1354 546 materni
1405 500 1457 545 et
1517 493 1723 560 paterni

170 594 445 662 sanguinis
490 611 674 647 amore
723 594 804 646 vel
849 591 1123 646 modicum
1173 609 1202 644 a
1264 591 1349 644 via
1399 591 1720 644 deflecteret.

173 695 510 748 Praeclarum
555 709 680 746 sane
725 691 886 745 etiam
936 690 1133 744 nostris
1187 690 1516 757 temporibus
1567 690 1727 742 docu-

171 801 432 859 mentum,
480 799 531 845 et
574 791 754 858 aliqua
799 792 985 843 saltem
1037 789 1244 842 ratione
1294 788 1616 842 imitandum
1661 788 1727 841 ab

171 891 480 946 hominibus
526 891 727 944 mundo
771 888 1056 955 crucifixis,
1110 888 1203 955 qui
1254 889 1457 941 mundo
1507 895 1558 941 et
1608 905 1729 955 pro-

170 990 288 1058 prio
348 989 521 1044 amori
582 988 780 1042 mortui
843 987 1052 1042 Christo
1108 987 1335 1040 Domino
1390 993 1573 1039 nostro
1629 985 1728 1039 soli

170 1089 376 1155 vivunt,
417 1104 650 1155 eumque
692 1087 808 1141 loco
847 1093 1150 1154 parentum,
1187 1086 1413 1139 fratrum
1458 1091 1509 1138 et
1547 1101 1726 1138 rerum

173 1187 418 1243 omnium
462 1187 678 1240 habent,

237 1286 287 1342 3.
347 1288 423 1342 Ad
493 1286 770 1340 Americae
831 1286 956 1339 litus
1012 1286 1286 1353 appuISUS,
1364 1284 1728 1350 Carthagenae

174 1388 413 1455 paulum,
463 1386 696 1453 Bogotae
739 1385 789 1440 S.
834 1384 982 1439 Fidei
1027 1384 1230 1438 diutius
1279 1383 1534 1450 substitit,
1583 1383 1727 1451 quod

172 1504 389 1540 cursum
432 1486 753 1552 Theologiae
802 1485 1043 1539 nondum
1082 1485 1398 1537 confecerat.
1448 1482 1526 1535 lbi
1569 1482 1731 1535 Adiu-

172 1594 351 1640 torum
396 1585 776 1653 temporalium
826 1583 997 1638 obivit
1050 1600 1292 1649 munera,
1346 1583 1475 1636 dum
1526 1582 1732 1636 divina-

173 1703 294 1739 rum
350 1702 532 1740 rerum
594 1684 846 1739 scientiae
908 1683 1146 1749 vacabat,
1200 1683 1330 1737 illud
1388 1681 1490 1735 sibi
1551 1689 1732 1747 gratu-

173 1786 330 1852 latuS,
401 1785 545 1853 quod
619 1783 832 1838 latentis
906 1782 961 1836 in
1028 1781 1239 1836 officina
1307 1781 1425 1835 Filii
1481 1781 1573 1834 Dei
1630 1780 1730 1834 sibi

173 1884 357 1938 liceret
394 1884 530 1937 facta
573 1883 795 1937 imitari.

239 1985 412 2052 Atque
456 1983 530 2038 ita
578 1991 762 2051 captus
812 1990 891 2037 est
938 1982 1098 2036 huius
1144 1981 1282 2035 vitae
1327 1980 1627 2046 dulcedine,
1675 1987 1733 2032 ut

175 2084 230 2138 in
273 2085 415 2138 hunc
465 2084 714 2138 infimum
759 2083 1009 2138 Societati
1048 2081 1457 2137 inservientium
1501 2081 1731 2147 gradum

176 2183 417 2252 cooptari
461 2184 712 2238 ardenter
754 2183 986 2251 petierit.

245 2283 441 2338 lisdem
486 2282 799 2337 muneribus
855 2300 909 2337 se
959 2282 1107 2337 dedit
1156 2282 1210 2336 in
1253 2280 1504 2335 Tuniensi
1554 2280 1734 2334 tiroci-

177 2383 285 2451 nio,
332 2383 425 2437 ubi
462 2399 663 2436 annum
699 2382 891 2449 agebat
926 2381 1115 2436 tertiae
1146 2380 1497 2449 probationis,
1534 2380 1732 2435 Deinde

178 2482 566 2549 Carthagenam
656 2499 921 2549 reverSUS,
1013 2498 1152 2535 anno
1242 2480 1445 2534 ibidem
1529 2488 1728 2546 exacte,

178 2582 341 2636 sacris
384 2581 602 2635 tandem
647 2589 726 2635 est
774 2580 1035 2635 initiatus
1094 2581 1279 2648 Neque
1322 2580 1461 2633 hanc
1502 2579 1731 2646 gratiam

179 2680 328 2749 prius
368 2679 469 2734 sibi
508 2679 626 2734 fieri
670 2679 975 2747 postulavit.

246 2779 297 2835 4.
355 2779 538 2834 Socius
588 2778 790 2833 ibidem
833 2779 1079 2832 laborum
1135 2779 1289 2833 datus
1334 2785 1413 2832 est
1469 2776 1611 2830 Patri
1667 2776 1732 2829 de

180 2878 463 2946 Sandoval,
522 2877 635 2946 qui,
693 2878 854 2944 longo
904 2895 933 2931 a
984 2877 1209 2931 Peruvia
1265 2876 1456 2931 itinere
1505 2875 1731 2944 pedibus

181 2978 441 3045 confectO,
488 2977 875 3043 Carthagenam
923 2984 1155 3031 venerat.
1209 2976 1372 3029 Erant
1415 2983 1529 3028 tum
1575 2974 1628 3027 in
1673 2991 1731 3027 ea

182 3077 315 3131 urbe
364 3085 470 3131 tres
521 3076 719 3143 PatreS,
761 3075 855 3144 qui
892 3093 1088 3142 magna
1130 3076 1513 3144 premebantur
1550 3090 1730 3127 rerum

184 3176 383 3244 inopia.
438 3177 556 3245 Ipse
606 3175 662 3230 P.
715 3173 998 3243 Sandoval,
1052 3174 1132 3229 vir
1181 3174 1376 3229 nobilis
1425 3181 1476 3228 et
1530 3172 1732 3241 optime

1812 1183 1953 1213 Exam.
1964 1190 2056 1222 gen.

1846 1233 1879 1256 c.
1895 1226 1925 1256 4.
1944 1234 1984 1256 n.
1997 1225 2028 1256 7.

1799 1295 1843 1338 in
1861 1295 2077 1349 Ameriea,

1816 2788 1915 2818 cum
1938 2775 2063 2818 Patre

1794 2829 1848 2873 de
1869 2828 2099 2874 Sandoval.
