2315 3559
206 213 273 249 DE
298 212 603 249 REPETENDA
622 212 693 249 ss.
715 211 1082 261 PETR1,10ANN.
1104 211 1165 247 ET
1183 212 1334 248 Amul.
1358 212 1594 249 nmmum
1634 198 1734 253 1223

173 355 485 419 lucrifaciat,
534 354 657 407 huic
711 355 871 408 indm·
913 355 1091 407 euclem
1146 361 1279 407 reste
1321 373 1380 406 uc
1426 356 1734 422 ins-ignibus

170 454 415 507 Domini.

237 552 456 606 Sanctus
530 561 711 606 autem
785 553 1087 620 Alphonsus
1153 561 1353 606 tantam
1420 562 1525 606 tam
1584 554 1733 607 brevi

169 661 410 720 tempore
448 670 570 706 cum
599 652 765 706 animi
799 652 1124 706 demissione
1164 661 1434 705 assecutus
1471 661 1549 706 est
1588 671 1736 706 sanc-

169 751 397 818 titatem,
422 751 549 819 quia
588 768 835 805 normam
860 751 1073 804 vivendi
1102 768 1209 804 non
1231 751 1390 804 aliam
1413 751 1513 804 sibi
1541 752 1736 805 consti-

169 850 289 917 tuit,
337 850 438 903 nisi
482 867 621 917 eam,
664 850 748 903 cui
788 850 950 903 sidem
991 850 1119 903 olim
1165 850 1522 904 obstrinxerat
1560 869 1729 905 suam.

167 951 339 1016 Atque
367 949 491 1002 huic
519 966 741 1003 normae
762 949 1042 1004 Societatis
1064 958 1172 1003 tam
1194 957 1406 1003 sanctae
1428 950 1730 1017 obsecutus,

168 1049 441 1115 praeclaro
477 1065 573 1101 nos
618 1049 795 1102 erudit
835 1049 1096 1115 exempIO,
1135 1065 1308 1116 posse,
1351 1049 1456 1102 Deo
1496 1049 1730 1115 iuvante,

166 1145 443 1198 hominem
488 1146 710 1213 adipisci
763 1146 906 1199 hunc
949 1145 1177 1212 gradum
1230 1146 1515 1200 sublimem
1567 1146 1733 1200 animi

165 1245 530 1298 demissionis.

234 1342 282 1397 9.
331 1343 480 1406 Quod
519 1345 563 1397 si
607 1344 883 1412 contingat
926 1346 1147 1398 sortasse
1187 1344 1387 1411 paucis,
1429 1352 1487 1398 ut
1530 1353 1732 1398 tantam

165 1443 443 1496 obtineant
498 1444 579 1497 sui
641 1444 1024 1511 despicientiae
1087 1443 1322 1510 laudem,
1370 1453 1493 1497 sunt
1552 1452 1732 1498 tamen

166 1543 219 1596 in
264 1543 363 1596 hoc
409 1560 604 1609 genere
650 1543 906 1610 faciliora,
955 1560 1091 1610 quae
1137 1560 1451 1596 communes
1496 1544 1732 1597 hominis

167 1641 403 1707 religiosi
449 1642 588 1695 vires
633 1658 740 1694 non
785 1649 1056 1709 superant.

234 1740 359 1802 Quis
408 1740 552 1794 enim
610 1758 796 1794 cavere
854 1757 961 1793 non
1011 1748 1205 1808 potest,
1260 1757 1325 1794 ne
1375 1740 1592 1808 ingenio
1652 1741 1729 1794 vel

163 1840 407 1893 doctrina
479 1841 779 1906 extollatur,
859 1841 938 1893 vel
1014 1847 1197 1907 optato
1272 1856 1453 1893 rerum
1515 1840 1729 1893 eventui

163 1939 393 1991 nimium
454 1938 684 2003 tribuat3
749 1956 814 1992 ne
877 1938 1037 1992 elatio
1100 1937 1269 1991 animi
1331 1946 1586 2005 appareat
1648 1939 1728 1992 vel

163 2037 392 2091 aliorum
431 2046 788 2105 contemptus,
830 2055 895 2091 ne
934 2038 998 2092 de
1038 2055 1092 2091 se
1131 2037 1247 2105 ipso
1286 2037 1416 2104 quid
1456 2037 1729 2105 praedicet

163 2136 468 2202 gloriosius,
510 2136 738 2189 aliorum
787 2153 911 2189 vero
955 2144 1105 2201 gesta
1149 2135 1419 2203 deprimat
1457 2143 1546 2188 aut
1591 2144 1730 2189 exte-

163 2242 291 2286 nuet
340 2250 637 2301 eorumque
691 2235 887 2287 famam
938 2234 1178 2287 laceret?
1227 2233 1409 2296 Quivis
1458 2242 1723 2300 nostrum,

163 2333 205 2385 si
251 2341 487 2386 erratum
533 2351 562 2386 a
607 2350 659 2386 se
705 2333 985 2400 quidpiam
1032 2332 1117 2399 sit,
1166 2333 1218 2386 id
1265 2332 1419 2386 fateri
1469 2341 1519 2386 et
1562 2333 1725 2386 etiam

163 2431 217 2484 in
258 2432 489 2486 triclinio
533 2434 719 2499 culpae
759 2450 911 2486 reum
957 2450 1010 2486 se
1057 2433 1228 2486 facere
1268 2439 1459 2499 potest.
1509 2431 1725 2485 Munera

163 2531 389 2584 humilia
445 2548 541 2598 pro
602 2531 879 2585 Societatis
930 2548 1080 2585 more
1126 2530 1294 2597 obire,
1346 2530 1514 2583 subici
1569 2531 1726 2583 disci-

162 2629 338 2696 plinae
389 2628 731 2696 domesticae,
779 2630 1151 2697 obtemperare
1208 2628 1272 2681 iis
1322 2628 1415 2696 qui
1471 2637 1724 2695 praesunt

163 2727 325 2780 etiam
388 2727 609 2794 infimiS,
681 2736 854 2781 errata
922 2729 985 2782 ad
1055 2744 1142 2781 eos
1206 2726 1422 2793 deferri,
1492 2727 1721 2781 arduum

164 2827 415 2892 l'ortasse3
469 2834 704 2880 attamen
750 2827 803 2879 in
847 2835 1029 2880 nostra
1073 2835 1151 2880 est
1187 2834 1469 2894 potestate.
1525 2826 1721 2880 Pueros

162 2932 213 2977 et
258 2925 416 2978 rudes
460 2926 670 2990 docere,
701 2942 821 2978 cum
867 2925 934 2979 sit
977 2943 1035 2980 ex
1087 2925 1400 2979 muneribus
1443 2925 1719 2979 societatis

162 3023 482 3090 praecipuis,
559 3031 808 3090 prompto
881 3024 1110 3092 quisque
1183 3032 1234 3077 et
1305 3024 1466 3077 alacri
1540 3024 1718 3076 animo

162 3121 336 3174 debet.

1793 1331 1943 1374 eadem
1964 1332 2093 1376 nobis

1833 1386 2058 1433 discenda.
