2315 3559
991 236 1084 273 STU
1722 219 1814 274 487

268 382 342 425 Dei
381 381 563 435 gloriam
599 388 640 423 et
676 380 857 422 salutem
899 379 1140 422 animarum
1183 379 1506 432 procurandam
1549 393 1628 432 per
1669 379 1813 421 munia

265 466 490 510 Societatis
513 472 734 518 tamquam
758 464 900 507 media
921 464 990 516 (ΙΙ,
1016 464 1129 516 230).

322 552 456 596 Porro
480 564 782 605 quaecumque
816 550 871 593 sit
901 564 1049 593 rerum
1081 551 1368 594 humanarum
1392 549 1579 592 varietas
1602 557 1644 592 et
1665 549 1818 592 incon-

266 639 437 691 stantia,
471 645 515 681 ut
548 637 661 680 idem
685 650 862 689 semper
884 644 925 679 et
946 636 1225 679 immutabilis
1247 636 1289 679 in
1313 635 1527 679 Societate
1558 641 1817 688 perseveret

266 723 444 777 spiritus
466 723 555 775 (ΙΙΙ,
579 722 648 773 89)
671 722 709 765 S.
738 722 780 764 P.
808 721 854 764 N.
891 721 1248 774 gravissimarum
1281 721 1425 774 legum
1454 719 1652 774 pondere
1687 719 1817 762 stabi-

265 809 356 852 livit
377 814 418 851 et
440 807 713 851 confirmavit
734 806 823 859 (ΙΙΙ,
848 806 933 860 92),
958 807 1182 861 voluitque
1210 807 1352 849 media
1381 806 1449 849 illa
1472 819 1584 859 quae
1606 818 1704 847 eum
1729 804 1816 847 lleo

263 895 603 938 instrumentum
626 893 902 946 coniungunt
931 906 977 935 ac
1011 893 1250 946 disponunt
1280 892 1526 936 efficaciora
1557 905 1655 935 esse
1687 904 1815 944 quam

266 992 377 1032 quae
399 978 503 1022 illud
526 978 765 1032 disponunt
787 992 892 1031 erga
914 978 1114 1022 homines
1131 978 1200 1029 (ll,
1226 977 1338 1031 406).

321 1063 597 1107 Hauriendus
629 1077 735 1117 ergo
768 1063 894 1107 nohis
926 1071 991 1107 est
1027 1063 1096 1106 ille
1132 1063 1310 1117 spiritus
1346 1063 1478 1106 ardor
1511 1063 1555 1105 in
1590 1061 1817 1105 Exercitiis

266 1149 564 1204 spiritualibus
585 1150 626 1192 S.
650 1150 691 1193 Ρ.
712 1149 760 1192 N.
782 1149 851 1199 (ll,
877 1149 973 1202 366)
995 1164 1002 1192 :
1025 1149 1112 1192 vicl.
1137 1149 1365 1194 Exercitia
1385 1148 1656 1204 spiritualia.
1682 1147 1819 1190 Effor-

263 1234 449 1277 mandus
464 1235 504 1277 in
526 1233 652 1277 nobis
670 1234 980 1278 coniunctione
996 1249 1092 1277 cum
1108 1234 1197 1277 Deo
1212 1241 1255 1277 et
1270 1234 1603 1277 mortificatione
1618 1232 1667 1285 (Ι,
1687 1231 1784 1285 436)
1807 1246 1814 1275 :

267 1320 355 1363 vicl.
399 1320 566 1371 Oratio,
607 1320 913 1365 Mortificatio.
955 1320 1025 1363 Pia
1067 1319 1357 1363 sollicitudine
1403 1317 1734 1362 conservandus
1774 1318 1816 1360 in

265 1405 556 1449 exterioribus
578 1405 626 1450 (Ι.
647 1405 713 1457 52,
738 1405 808 1458 53)
835 1420 842 1448 ;
868 1406 956 1448 vicl.
976 1406 1226 1458 Exteriora,
1243 1405 1469 1449 Externus
1489 1406 1638 1457 homo,
1659 1404 1818 1448 Minis-

262 1492 396 1536 teria.
439 1491 627 1534 Sollicite
662 1492 991 1545 promovendus
1031 1506 1113 1545 per
1152 1505 1300 1534 curam
1341 1505 1488 1534 rerum
1527 1490 1815 1544 spiritualium

264 1579 333 1630 (ΙΙ,
365 1578 456 1629 158)
482 1593 490 1621 :
517 1578 603 1622 vid.
628 1579 809 1623 Pervor.
835 1578 973 1632 Saepe
995 1578 1278 1622 renovandus
1309 1577 1378 1630 (ΙΙ,
1403 1576 1500 1629 385)
1525 1591 1533 1619 :
1558 1576 1647 1620 vid.
1671 1577 1818 1620 Reno-

263 1664 403 1708 vatio.
429 1663 480 1706 Et
517 1662 590 1706 uhi
625 1663 739 1706 forte
780 1664 948 1716 sopitus
984 1670 1063 1715 est,
1101 1663 1259 1706 iterum
1292 1662 1568 1706 suscitandus
1599 1661 1669 1714 (ll,
1701 1661 1814 1713 229),

265 1749 619 1793 consideratione
659 1749 843 1802 duplicis
872 1749 971 1792 finis
1003 1747 1245 1792 vocationis
1284 1755 1460 1791 nostrae
1491 1747 1561 1799 (ΙΙ,
1601 1746 1814 1799 230-244),

265 1833 587 1879 stimulantibus
616 1834 826 1878 Maiorum
859 1833 1069 1887 exemplis
1102 1833 1171 1885 (ἸΙ,
1196 1832 1294 1885 254)
1320 1840 1362 1876 et
1389 1833 1429 1876 S.
1467 1833 1511 1875 P.
1546 1832 1594 1876 N.
1621 1832 1673 1875 de
1696 1831 1816 1875 caelo

264 1921 475 1964 invitante
509 1921 578 1973 (ΙΙ,
615 1920 726 1973 100).
764 1919 919 1963 [trum
956 1933 1060 1963 vero
1098 1919 1277 1973 spiritus
1312 1919 1382 1963 ille
1418 1919 1460 1962 in
1499 1919 1626 1963 nobis
1658 1919 1816 1972 vigeat,

262 2006 570 2060 expenduntur
589 2006 865 2060 potissimum
888 2013 1095 2060 quattuor
1115 2006 1275 2049 indicia
1296 2006 1365 2057 (ΙΙ,
1383 2005 1597 2058 244-253).

319 2094 353 2135 Α
390 2098 651 2135 conservato
690 2099 993 2145 renovatoque
1033 2091 1077 2134 in
1117 2091 1243 2135 nohis
1283 2091 1365 2134 hoc
1408 2091 1579 2145 spiritu,
1622 2091 1818 2145 pendent

263 2176 536 2220 incrementa
557 2184 599 2220 et
622 2191 854 2220 successus
877 2177 1104 2220 Societatis
1125 2176 1195 2229 (ΙΙ,
1220 2175 1331 2229 283).

321 2313 520 2357 STUDIA
542 2327 671 2366 quem
694 2313 745 2356 ad
767 2313 896 2356 finem
927 2312 1172 2365 dirigantur
1191 2312 1235 2355 in
1257 2312 1470 2355 Societate
1493 2313 1542 2364 (Ι,
1572 2312 1633 2363 15,
1662 2313 1724 2364 16,
1747 2311 1815 2364 60,

267 2397 359 2441 241.
386 2398 438 2451 ΙΙ,
472 2398 539 2449 31,
574 2397 668 2450 209,
696 2397 790 2442 240.
825 2397 895 2449 ΙΙΙ,
936 2397 1042 2449 146).
1077 2397 1207 2440 Sacra
1229 2411 1327 2440 esse
1354 2396 1517 2440 dehent
1539 2398 1629 2440 sive
1652 2411 1703 2440 ex
1723 2396 1818 2450 ipsa

266 2484 462 2534 materia,
488 2483 579 2526 sive
608 2496 659 2525 ex
691 2482 845 2526 ordine
874 2482 925 2525 ad
961 2482 1095 2525 Deum
1128 2483 1178 2529 (Ι,
1207 2482 1319 2535 458),
1350 2488 1397 2525 ut
1431 2496 1516 2526 non
1540 2489 1660 2525 extra
1682 2482 1816 2525 Deum

268 2572 343 2616 sed
365 2571 479 2614 intra
499 2577 770 2624 peragantur
791 2569 840 2621 (Ι,
865 2568 976 2621 462).
1002 2568 1171 2620 Quanta
1202 2568 1255 2611 sit
1285 2568 1414 2611 studii
1446 2568 1557 2611 sacri
1585 2568 1745 2612 utilitas
1777 2575 1819 2611 et

269 2656 508 2701 necessitas
544 2655 670 2698 etiam
707 2654 748 2697 in
791 2654 988 2697 formatis
1027 2653 1276 2697 hominibus
1311 2653 1401 2705 (ΙΙΙ,
1448 2654 1640 2706 169-171)
1679 2668 1687 2696 :
1725 2653 1814 2697 vid.

267 2743 426 2786 Patres
447 2740 687 2793 Ecclesiae,
705 2739 938 2794 Scriptura
959 2739 1108 2783 Sacra.

322 2825 404 2869 Sed
427 2824 785 2868 scholasticorum
808 2823 1067 2876 praesertim
1099 2823 1232 2866 ardor
1261 2822 1303 2865 in
1336 2823 1488 2866 studiis
1518 2823 1734 2866 fovendus
1763 2822 1818 2866 ob

271 2910 411 2953 varias
433 2909 626 2952 rationes
648 2908 717 2959 (ll,
741 2908 807 2959 24,
832 2908 898 2950 25.
923 2907 993 2957 ΙΙΙ,
1022 2908 1129 2960 197),
1159 2907 1288 2951 modo
1323 2921 1376 2951 ne
1406 2908 1647 2962 intepescat
1669 2921 1816 2951 rerum

271 2994 558 3048 spiritualium
590 2993 777 3036 studium
810 2993 880 3045 (ΙΙ,
911 2993 1022 3045 408).
1057 2993 1239 3036 Litteras
1272 3000 1313 3036 et
1345 2993 1543 3046 spiritum
1574 2993 1818 3036 consociari

272 3093 359 3122 non
381 3079 489 3122 adeo
512 3078 776 3121 laboriosum
808 3091 918 3131 opus
950 3091 1047 3121 esse
1080 3077 1326 3121 ostenditur
1353 3077 1550 3130 exemplo
1581 3077 1625 3120 P.
1651 3078 1819 3132 Laynez

270 3165 321 3217 (Ι,
344 3164 415 3218 60)
447 3170 489 3207 et
519 3163 560 3206 S.
592 3162 765 3206 loannis
801 3162 1062 3206 Berchmans
1093 3162 1183 3215 (ΙΙΙ,
1219 3162 1327 3216 143),
1356 3162 1487 3205 immo
1521 3162 1817 3206 necessarium
