2315 3559
262 224 329 262 DE
354 219 610 262 VANITATE
636 220 814 260 RERUM
844 216 1176 258 HUMANARUM
1205 216 1592 258 CONTEMNENDA
1628 201 1729 257 243

177 376 304 435 gent
324 367 566 423 sensibus
593 374 645 421 et
666 364 883 420 videndi
911 380 1302 432 quaecumque,
1333 362 1456 417 licet
1482 363 1724 428 honesta,

178 468 551 535 obtemperant
605 463 916 532 cupiditati;
982 463 1072 517 sed
1142 462 1198 529 ii,
1256 461 1349 529 qui
1411 460 1729 529 perfectiora

179 574 468 631 sectantur,
521 580 788 618 memores
850 579 905 616 se
966 562 1091 628 De0,
1157 578 1263 615 non
1337 561 1539 614 mundo
1617 576 1729 614 esse

179 664 417 730 dicatos;
483 663 576 731 qui
625 663 680 717 in
740 661 1101 730 spiritualium
1159 659 1442 714 hominum
1503 675 1728 713 numero

179 780 292 817 esse
349 763 552 829 volunt,
605 760 699 829 qui
754 760 980 828 proinde
1036 759 1279 814 sensibus
1330 759 1615 827 imperant,
1679 765 1731 812 et

179 860 271 915 Dei
320 878 504 915 amore
553 877 669 914 eam
727 859 836 913 vim
887 857 1054 912 animi
1114 856 1370 925 consequi
1423 857 1626 923 volunt,
1672 863 1732 909 ut

179 960 280 1014 sibi
343 967 538 1027 negent
593 976 730 1026 quae
786 959 960 1012 solum
1017 964 1268 1012 moveant
1328 957 1508 1011 oculos
1570 963 1731 1023 atque

180 1058 463 1113 oblectent.

249 1158 312 1212 Et
358 1165 418 1211 ut
471 1156 646 1212 dicam
698 1156 763 1211 de
813 1155 1175 1224 pinacothecis
1241 1172 1250 1207 :
1316 1161 1498 1207 nostra
1561 1160 1732 1207 aetate

179 1264 304 1311 sunt
340 1256 611 1325 pericula;
665 1272 761 1310 nec
805 1255 938 1309 fides
985 1254 1137 1308 facile
1175 1253 1240 1307 iis
1278 1253 1605 1320 adhibenda,
1637 1251 1732 1320 qui

181 1357 235 1411 in
297 1356 362 1411 iis
412 1364 526 1410 tuta
588 1373 702 1410 esse
763 1355 963 1422 omnia,
1010 1362 1063 1409 et
1123 1354 1346 1408 honesta
1406 1360 1616 1407 tantum
1679 1351 1733 1405 in

181 1463 470 1524 conspectu
514 1454 687 1523 posita
731 1454 928 1509 dicant.
958 1453 1122 1507 Tanta
1149 1452 1293 1507 enim
1333 1459 1411 1506 est
1449 1451 1576 1505 mali
1614 1452 1735 1505 dae-

183 1555 357 1609 monis
402 1555 615 1621 astutia,
646 1562 706 1608 ut
743 1553 986 1608 docuerit
1028 1552 1275 1607 homines
1314 1551 1368 1605 in
1414 1551 1530 1619 ipso
1558 1550 1734 1619 primo

181 1655 329 1708 aditu
391 1654 598 1708 tabulas
659 1653 772 1721 pias
828 1653 1108 1719 collocare,
1182 1651 1378 1720 quibus
1441 1650 1737 1704 invitentur

183 1754 275 1822 qui
304 1754 585 1808 inhonesta
623 1752 808 1807 videre
847 1759 1113 1819 metuunt,
1144 1759 1195 1806 et
1231 1750 1355 1805 dein
1395 1750 1736 1818 interponere

184 1853 430 1907 obscena.

254 1952 552 2006 Praestaret
602 1967 728 2005 sane
783 1949 915 2004 artis
977 1967 1140 2019 opera
1189 1947 1510 2016 conflagrari
1561 1948 1740 2002 incen-

184 2051 274 2106 dio
318 2051 519 2118 omnia,
573 2067 736 2119 quam
780 2049 1053 2105 levissimo
1105 2057 1322 2119 peccato
1383 2048 1475 2103 Dei
1537 2047 1739 2103 offendi

185 2151 514 2206 Maiestatem
553 2150 843 2204 infinitam.

254 2251 519 2319 Equidem
569 2250 713 2304 haud
764 2250 872 2304 scio
923 2267 990 2303 an
1046 2248 1227 2317 paucis
1279 2248 1333 2302 in
1387 2249 1489 2303 hoc
1544 2264 1740 2314 genere

186 2350 467 2405 curiositas
505 2350 692 2419 prosit,
735 2350 917 2404 multis
962 2350 1149 2405 eadem
1201 2349 1397 2404 damna
1446 2365 1553 2403 non
1602 2347 1739 2403 levia

187 2450 382 2504 attulit.

255 2549 388 2603 Sunt
430 2565 557 2603 vero
602 2547 742 2603 inter
783 2565 899 2616 nOS,
946 2548 1041 2616 qui
1090 2547 1343 2603 Sanctum
1375 2546 1476 2602 Job
1520 2545 1735 2612 imitati,

188 2647 493 2716 pepigerint
530 2647 711 2715 foedus
737 2665 858 2700 cum
883 2647 1050 2700 oculis
1076 2646 1186 2700 suis
1223 2653 1275 2700 et
1319 2645 1413 2714 qui
1439 2661 1738 2713 numquam

188 2746 381 2816 pedem
421 2745 653 2799 inferant
690 2745 744 2798 in
783 2745 1177 2813 pinacothecas,
1227 2746 1318 2800 sed
1369 2744 1434 2799 iis
1479 2744 1741 2798 Immacu-

188 2845 325 2899 latae
351 2843 584 2911 Virginis
623 2860 807 2897 amore
850 2861 905 2898 se
942 2844 1260 2899 abstineant.
1292 2845 1408 2899 Non
1447 2842 1742 2912 poenitebit

189 2961 278 2998 eos
316 2945 417 2998 hoc
460 2942 789 3012 praestitisse
839 2943 1177 3012 obsequium,
1226 2961 1287 2998 eo
1337 2943 1508 3011 magis
1559 2959 1741 3010 accep-

190 3050 305 3097 tum
361 3042 683 3112 purissimae
743 3042 836 3096 Dei
893 3042 1066 3110 Matri,
1124 3060 1231 3111 quo
1283 3043 1453 3110 magis
1509 3042 1739 3096 arduum

190 3145 244 3200 id
295 3145 642 3201 offerentibus
680 3144 951 3200 acciderit.

1777 1146 2102 1201 etcuriositatis,

1855 2656 1938 2689 Iob.
1953 2656 2006 2695 31,
2023 2656 2054 2689 1.
