2315 3559
566 187 668 243 398
988 208 1308 247 sUMMARIUM
1347 207 1713 247 EPISTULARUM

590 349 677 394 5-6.
720 349 766 393 Id
806 352 994 406 requirit
1027 358 1314 408 praeceptum
1356 354 1575 406 caritatis;
1628 353 1671 397 id
1710 353 1906 408 postulat
1941 353 2136 399 Instituti

677 436 818 481 nostri
849 438 977 482 ratio.

596 522 634 566 7.
676 523 801 568 Zelus
819 525 960 578 qualis
978 540 1077 569 esse
1095 525 1268 570 debeat.

593 606 632 651 8.
675 607 818 652 Furor
836 610 1052 654 malorum
1075 617 1277 655 nostrum
1295 610 1435 655 zelum
1458 611 1705 656 accendere
1727 611 1875 656 debet.

594 694 634 737 9.
677 694 889 739 Maiorum
911 702 1169 741 nostrorum
1186 696 1304 740 zelus
1325 696 1594 741 uberrimus.

568 780 632 825 10.
676 781 801 825 Zelus
825 788 981 826 noster
1000 783 1148 827 minus
1170 783 1287 827 bene
1310 783 1556 828 ordinatus.

569 867 635 909 11.
678 866 718 911 S.
744 866 957 911 Xaverius
979 867 1059 911 zeli
1082 868 1318 913 exercendi
1342 868 1564 923 Magister.

570 952 709 996 12-13.
748 953 796 997 In
830 953 923 997 zelo
957 954 1066 998 ordo
1099 955 1380 999 servandus:
1416 955 1460 999 in
1491 955 1646 1010 primis
1677 955 1850 999 colendi
1886 955 2137 1008 domestici3

678 1044 770 1083 tum
793 1040 963 1084 externi
986 1041 1061 1095 qui
1081 1041 1223 1095 magis
1240 1041 1456 1095 indigent.

570 1125 635 1169 14.
679 1125 742 1169 Ita
757 1125 849 1179 egit
868 1124 1066 1171 Christus
1083 1132 1127 1171 et
1151 1127 1366 1182 Apostoli.

570 1211 636 1256 15.
679 1210 841 1256 Errant
861 1212 936 1267 qui
958 1213 1232 1267 speciosiora
1253 1219 1546 1268 aucupantur.

574 1297 710 1342 16·2Ο.
736 1298 978 1353 Praecipue
1013 1299 1243 1343 excolendi
1279 1305 1382 1343 sunt
1414 1300 1557 1354 pueri.
1592 1299 1830 1344 Excolendi
1866 1300 2136 1345 sacerdotes.

681 1384 816 1429 Parce
838 1385 1106 1430 excolendae
1126 1385 1351 1430 mulieres.
1386 1385 1522 1439 Magis
1557 1385 1736 1430 iuvandi
1772 1391 1875 1430 sunt
1902 1386 2000 1430 viri.
2027 1386 2138 1430 Hinc

679 1471 825 1516 minus
841 1472 1028 1526 periculi
1050 1478 1093 1517 et
1111 1472 1212 1527 plus
1233 1472 1360 1517 lucri.
1380 1472 1642 1518 Occurritur
1663 1472 1915 1517 obiectioni.

568 1556 636 1600 21.
681 1557 728 1600 ln
750 1557 1009 1602 ministeriis
1031 1558 1263 1602 habendus
1286 1558 1499 1602 delectus.

569 1642 636 1687 22.
680 1643 1000 1688 Exercitiorum
1020 1644 1313 1698 spiritualium
1334 1645 1498 1688 utilitas
1517 1650 1559 1688 et
1574 1659 1697 1688 usus.

568 1728 635 1773 23.
680 1729 823 1774 Armis
845 1743 870 1772 a
891 1730 1130 1774 Maioribus
1147 1730 1319 1774 usitatis
1341 1730 1648 1785 pugnandum.

569 1814 636 1859 24.
682 1815 866 1870 Propria
903 1816 1120 1870 perfectio
1163 1815 1378 1870 optimum
1427 1816 1673 1860 remedium
1715 1815 1913 1860 salvandi
1953 1816 2138 1861 animas.

681 1901 901 1954 Quantum
922 1902 1044 1947 iuvet
1059 1902 1203 1946 cultus
1221 1902 1507 1947 sacratissimi
1529 1902 1698 1947 Cordis.

570 1987 638 2033 25.
683 1988 925 2043 Praecipue
942 1989 1127 2033 curandi
1144 1995 1188 2034 et
1206 1989 1386 2033 iuvandi
1410 1989 1616 2044 dispersi.

606 2148 666 2202 X.
698 2163 764 2201 AD
792 2163 989 2202 PATREs
1017 2164 1080 2201 ΕΤ
1108 2163 1340 2202 FRATRES
1367 2163 1684 2216 soclETATlS,
1715 2147 1781 2203 16
1807 2147 1942 2202 iunii
1971 2147 2099 2203 1881

743 2278 820 2334 De
847 2279 921 2333 iis
948 2296 1084 2347 quae
1108 2280 1437 2346 praestanda
1461 2285 1589 2333 sunt
1615 2279 1676 2333 in
1695 2279 1970 2346 praesenti

1036 2384 1336 2446 temporam
1363 2378 1675 2433 calamitate

985 2498 1157 2566 (Tom.
1190 2499 1280 2566 ΙΙΙ,
1322 2517 1412 2567 pp.
1454 2497 1728 2566 268-297.)

600 2650 639 2693 1.
682 2649 937 2694 Persecutio
959 2649 1003 2693 in
1025 2649 1267 2694 Ecclesiam
1299 2655 1343 2694 et
1364 2648 1553 2695 Ordines
1575 2649 1825 2704 religiosos,
1849 2648 1956 2693 etin
1986 2648 2141 2704 primis

682 2735 727 2780 in
776 2735 1039 2780 Societatem
1098 2742 1313 2790 nostram,
1369 2736 1529 2780 cotidie
1578 2736 1913 2790 ingravescens,
1954 2735 2142 2790 praebet

683 2822 812 2867 huius
834 2836 976 2866 novae
998 2822 1211 2876 epistolae
1233 2828 1559 2876 argumentum.

598 2909 638 2954 ge

682 2908 829 2953 Coacti
851 2908 1035 2953 iuvenes
1058 2914 1236 2952 nostros
1259 2908 1303 2952 in
1326 2908 1431 2952 alias
1454 2908 1663 2962 regiones
1686 2906 1939 2960 amandare,
1963 2912 2141 2951 utamur

683 2997 764 3041 hac
787 2995 1052 3040 necessitate
1086 3000 1135 3039 ut
1163 3001 1285 3039 recte
1317 2995 1604 3039 instituantur
1627 3009 1636 3038 :
1670 2993 1789 3048 quod
1812 2993 2011 3048 quamvis
2033 2992 2142 3037 diffi-

684 3083 766 3128 cile
786 3082 921 3127 fuerit
940 3088 1056 3135 ante,
1078 3081 1211 3125 nihilo
1224 3081 1370 3126 minus
1389 3080 1589 3126 dolemus
1605 3080 1742 3124 fuisse
1756 3079 2138 3134 praetermissum.

601 3168 642 3213 3.
683 3168 843 3213 Sedulo
862 3168 1169 3213 examinentur
1190 3167 1423 3212 candidati.
