2315 3559
247 210 314 248 DE
340 208 595 248 VANITATE
623 208 800 247 RERUM
830 206 1161 246 HUMANARUM
1191 205 1576 244 CONTEMNENDA
1613 190 1711 246 ⁹237

155 355 312 421 piam
350 361 565 421 praeter
600 354 799 407 ostium.
836 358 1016 419 patet,·
1053 370 1184 405 nam
1225 351 1424 418 saeptis
1455 357 1504 404 et
1535 351 1713 418 sirmis

160 460 209 507 et
243 472 512 522 nusquam
551 452 833 506 hiantibus
869 452 1086 505 muniri
1122 451 1363 519 undique
1399 450 1711 517 religyiosam

159 554 395 617 domum,
425 552 748 619 disciplinae
786 570 845 604 ac
882 551 1060 619 famae
1085 551 1161 603 sic
1200 551 1434 614 interest,
1466 555 1523 601 ut
1558 550 1713 602 nullst

157 651 231 705 sit
268 652 394 704 talis
430 668 617 718 operae
656 651 902 718 lemtim-a,
938 650 1132 703 dilatio
1161 668 1179 702 .·
1207 649 1343 701 talia
1368 665 1489 715 erqo
1527 648 1712 715 utique

157 766 482 817 quocumque
522 754 742 815 swnptu
789 748 977 801 statim
1020 747 1227 814 expedi.

225 846 444 913 Magnus
490 847 747 900 Indorum
782 846 1066 914 Apostolus
1110 845 1256 898 hisce
1293 862 1389 898 nos
1434 845 1706 911 admonet,

155 953 215 999 ut
257 963 442 999 murus
481 944 781 999 circumdet
818 945 1037 998 hortum
1077 943 1453 1010 domesticum,
1500 951 1560 996 ut
1602 960 1709 996 non

156 1044 224 1098 sit
260 1044 436 1099 aditus
472 1052 685 1112 praeter
715 1043 914 1098 ostium
955 1044 1167 1110 domuS,
1198 1051 1250 1097 et
1286 1060 1408 1096 cum
1448 1043 1513 1096 ad
1553 1042 1711 1096 disci-

154 1144 357 1212 plinam
396 1153 447 1198 et
484 1146 549 1198 ad
591 1145 790 1198 famam
829 1151 1107 1211 tantopere
1145 1143 1374 1211 intersit,
1406 1143 1519 1197 sine
1558 1160 1709 1196 mora

154 1252 206 1297 et
265 1260 609 1311 quocumque
671 1252 889 1311 sumptu
950 1244 1051 1297 hoc
1111 1260 1224 1297 esse
1286 1244 1704 1310 exsequendum.

152 1342 361 1396 Norunt
403 1344 643 1411 profecto
682 1343 784 1396 viri
825 1343 992 1396 sancti
1032 1343 1220 1409 nostri,
1262 1343 1317 1396 in
1355 1360 1462 1410 quo
1502 1343 1602 1396 sita
1640 1343 1709 1396 sit

152 1442 265 1494 laus
316 1440 592 1496 Societatis
652 1459 711 1495 ac
774 1443 947 1495 famae
1008 1449 1224 1496 nostrae
1274 1442 1459 1495 tutela.

222 1540 286 1594 Et
333 1541 463 1595 haec
508 1541 730 1609 quidem
775 1541 840 1595 de
878 1541 1129 1596 domibus
1156 1541 1373 1595 nostris.
1405 1541 1535 1596 Cum
1564 1543 1707 1596 enim

154 1640 437 1708 mundum,
469 1641 647 1709 quoad
700 1659 795 1709 per
833 1640 1007 1695 officia
1046 1649 1229 1694 nostra
1266 1641 1465 1707 licebit,
1498 1642 1702 1708 fugere,

151 1747 495 1795 contemnere
546 1758 672 1795 vero
723 1759 936 1809 semper
986 1741 1274 1795 debeamus
1321 1750 1373 1795 et
1415 1741 1706 1796 abhorrere

150 1856 179 1892 a
225 1838 350 1906 vita,
381 1840 622 1894 moribus
663 1848 714 1894 et
752 1840 1009 1908 opinandi
1049 1841 1210 1894 modo
1254 1841 1540 1894 hominum
1586 1859 1708 1909 pro-

150 1939 417 2007 fanorum,
449 1958 570 1994 cum
598 1941 703 1994 Deo
731 1940 911 2008 dicati,
942 1941 1169 2009 proinde
1208 1941 1434 1995 seiuncti
1461 1959 1521 1995 ac
1558 1959 1707 2009 sepa-

149 2038 251 2092 rati
289 2057 319 2093 a
356 2040 515 2094 rebus
554 2040 916 2095 saecularibus
954 2058 1051 2095 nos
1091 2040 1193 2108 ipsi
1231 2040 1419 2108 simUS,
1457 2049 1704 2109 apertum

149 2138 369 2192 omnino
413 2156 472 2192 ac
521 2139 866 2207 perspicuum
910 2148 1007 2207 est,
1055 2139 1217 2193 etiam
1262 2140 1452 2194 domos
1495 2148 1704 2194 nostras

149 2238 352 2291 mundo
391 2237 614 2305 eiusque
644 2237 882 2306 vanitati,
908 2238 1190 2293 desideriis
1228 2255 1288 2293 ac
1326 2238 1518 2292 studiis
1564 2240 1705 2292 clau-

149 2353 232 2390 sas
270 2353 385 2391 esse
423 2345 693 2404 oportere.

216 2435 300 2490 14.
331 2435 481 2499 Quod
509 2436 552 2490 si
581 2437 844 2491 mundum
872 2454 931 2491 ex
958 2438 1073 2504 lege
1094 2436 1371 2505 pontificia
1398 2444 1449 2491 et
1474 2435 1524 2490 S.
1551 2437 1703 2503 Igna-

148 2534 210 2588 tii
273 2535 601 2604 praescripto
663 2536 825 2591 domo
896 2536 1246 2604 excludimus,
1311 2554 1406 2590 nec
1479 2536 1700 2590 Divinae

149 2635 411 2688 voluntati
473 2643 892 2690 consentaneum
961 2645 1057 2704 est,
1116 2653 1212 2690 nec
1280 2636 1419 2690 vitae
1486 2644 1700 2690 nostrae

148 2733 344 2788 rationi
410 2733 676 2801 convenit,
730 2752 988 2801 quaerere
1038 2743 1183 2789 extra
1239 2735 1429 2789 domos
1490 2743 1699 2789 nostras

149 2832 336 2887 mundi
381 2832 690 2886 societatem
736 2840 786 2886 et
829 2850 951 2886 cum
996 2833 1199 2887 mundo
1249 2850 1363 2887 esse
1407 2834 1538 2888 velle
1583 2833 1700 2887 diu-

148 2930 272 2996 tiuS,
326 2948 490 2998 quam
540 2930 825 2985 necessitas
876 2933 1111 2999 postulat
1160 2932 1328 2986 sancti
1379 2932 1549 2986 nostri
1600 2932 1698 2985 mi—

146 3028 372 3083 nisterii.

217 3129 328 3183 Iam
356 3145 482 3183 vero
532 3128 575 3182 si
613 3128 667 3182 in
711 3145 872 3196 opere
915 3137 1096 3184 sancto
1134 3129 1268 3185 adeo
1318 3130 1579 3184 tenendus
1617 3138 1696 3184 est

1815 754 1912 794 Apr.
1927 754 2021 787 1552.

1853 3139 1953 3196 lege
