2315 3559
243 652 390 693 Congr.
408 654 437 685 Ι.

223 693 371 726 decret.
389 694 461 727 113.

271 1550 407 1582 Mense

234 1592 329 1632 Apr.
348 1592 440 1624 1552.

229 3055 325 3087 Tol).
344 3055 372 3087 1.
390 3056 441 3088 10.

558 194 660 250 250
738 213 989 253 EPISTOLA
1027 216 1075 254 R.
1121 216 1166 254 P.
1210 217 1261 255 N.
1303 216 1423 255 ANT.
1474 216 1600 255 MAR.
1652 217 1961 257 ANDERLEDY

557 377 623 414 ue
650 368 868 427 praeter
893 369 1063 417 cetera
1091 363 1445 429 incommoda,
1475 364 1612 432 fiant
1643 364 1939 433 aliquando
1959 367 2116 433 pata-

559 460 638 513 tia
675 461 988 527 nobilium;
1035 464 1126 516 sed
1172 463 1286 517 siut
1328 465 1398 517 ad
1441 464 1805 517 habitandum
1842 471 1891 518 et
1937 466 2118 534 officia

555 567 739 614 nostra
780 564 1087 629 emerceuda,
1129 563 1314 629 utilia,
1355 581 1492 617 sana
1527 570 1577 617 et
1601 563 1797 631 fortia:
1825 564 1885 618 iu
1922 565 2117 633 quibus

557 666 736 715 tamen
780 662 1122 729 paupertatis
1164 680 1423 716 memores
1471 663 1773 717 videamur.

624 760 1032 829 Etantequam
1096 761 1197 815 hoc
1265 761 1543 816 decretum
1611 762 1952 830 conderetur,
2007 763 2115 817 iam

554 850 906 904 mandaverat
979 849 1202 905 Sanctus
1281 851 1539 906 Indorum
1618 852 1903 920 Apostolus
1972 852 2116 906 Patri

553 950 709 1019 Gasp.
738 951 963 1005 Barzaeo
995 970 1004 1005 :
1045 952 1114 1007 Iu
1139 953 1458 1007 uuiversum
1501 961 1683 1008 autem
1708 955 1846 1020 vide,
1871 962 1933 1009 ut
1966 956 2117 1024 louge

546 1051 810 1117 posterior
861 1051 963 1104 tibi
1012 1070 1141 1105 cura
1189 1052 1263 1105 sit
1311 1052 1702 1120 aedificiorum,
1751 1071 1885 1122 quae
1935 1054 2117 1122 lapide

551 1169 610 1203 ac
654 1157 918 1204 caemento
962 1157 1340 1219 couyeruutur,
1383 1170 1548 1220 quam
1584 1152 1972 1219 spiritualium
2014 1153 2116 1208 Dei

552 1252 892 1318 temptorum.
945 1252 1028 1305 Hi
1085 1259 1213 1306 suut
1259 1253 1392 1306 socii
1451 1259 1501 1306 et
1549 1254 1769 1307 cilumui
1819 1260 1940 1307 tuae
1987 1255 2115 1321 fidei

550 1352 842 1419 commissi,
898 1353 958 1406 iu
1008 1371 1135 1422 quos
1183 1353 1418 1420 alendos,
1478 1353 1740 1422 fovendos,
1803 1354 1864 1408 iu
1906 1355 2114 1421 primis

549 1469 667 1506 vero
705 1453 776 1505 ad
806 1452 1108 1521 profectum
1145 1453 1369 1506 virtutis
1406 1453 1730 1521 eoecitaiutos,
1770 1454 2112 1521 primarium

551 1555 706 1602 tuum
748 1549 1012 1617 evigyitare
1048 1549 1296 1603 studium
1327 1568 1435 1617 par
1477 1556 1568 1604 est.

617 1648 829 1702 Etenim
874 1650 1004 1703 haec
1043 1666 1257 1703 summa
1301 1667 1503 1717 rerum,
1553 1650 1653 1703 hoc
1704 1657 1864 1717 caput
1908 1657 2005 1717 est,
2054 1657 2114 1703 ut

546 1766 652 1803 non
693 1750 868 1803 solum
908 1749 1157 1816 diligens,
1188 1751 1279 1803 sed
1321 1749 1408 1817 pia
1436 1758 1488 1804 et
1530 1749 1826 1803 christiana
1854 1749 1923 1803 sit
1966 1749 2112 1803 iuve-

546 1866 677 1903 num
722 1849 1008 1903 institutiO.
1065 1849 1288 1904 Prodire
1338 1849 1483 1903 enim
1535 1867 1562 1903 e
1620 1849 1860 1916 collegiis
1912 1848 2109 1903 nostris

545 1949 913 2003 adulescentes
946 1949 1160 2016 debent,
1202 1949 1362 2003 rebus
1402 1949 1528 2003 fidei
1569 1957 1619 2003 et
1659 1966 1874 2003 morum
1914 1947 2110 2002 imbuti

545 2049 777 2118 penituS,
849 2051 1075 2105 horrore
1144 2049 1347 2118 peccati
1415 2049 1630 2117 muniti,
1697 2049 1899 2104 addicti
1973 2049 2108 2104 adeo

543 2148 728 2203 divino
796 2148 982 2216 cultui,
1047 2156 1106 2203 ut
1166 2148 1412 2203 confiteri
1474 2148 1747 2204 Christum
1815 2147 2106 2203 Dominum

543 2256 790 2303 nostrum
840 2266 1023 2303 coram
1068 2248 1381 2303 hominibus
1432 2266 1540 2303 non
1590 2248 1925 2303 erubescant.

614 2350 792 2404 Laude
837 2349 1059 2418 quidem
1116 2349 1362 2417 dignum,
1404 2349 1575 2404 immo
1619 2348 1982 2403 necessarium
2030 2356 2110 2403 est

542 2448 593 2503 id
657 2467 836 2517 agere,
891 2457 948 2503 ut
997 2449 1247 2518 discipuli
1309 2449 1478 2504 nostri
1529 2449 1767 2518 pericula
1828 2448 2104 2504 doctrinae

542 2549 767 2603 feliciter
805 2550 1047 2616 subeant,
1089 2557 1148 2603 ut
1185 2551 1385 2617 laurea,
1429 2549 1472 2603 si
1512 2549 1580 2603 sit
1617 2566 1770 2617 Opim,
1814 2549 2100 2602 donentur,

541 2649 641 2705 Sed
682 2649 819 2704 ratio
847 2649 901 2703 in
930 2649 1119 2718 primis
1148 2650 1395 2704 habenda
1423 2657 1503 2704 est
1529 2648 1745 2704 divinae
1784 2647 2098 2703 maiestatis,

543 2750 605 2803 Et
649 2766 776 2803 vero
816 2749 1187 2815 gratissimum
1216 2750 1444 2804 Domino
1490 2757 1568 2803 est
1612 2748 1813 2803 idcirco
1856 2756 2101 2803 nostrum

543 2849 836 2904 iuventutis
886 2849 1214 2904 erudiendae
1265 2849 1521 2917 officium,
1576 2850 1741 2917 quod,
1790 2856 1849 2902 ut
1911 2847 2101 2902 Tobias

541 2950 736 3018 filium,
790 2950 864 3004 ita
924 2967 1021 3004 nos
1083 2949 1409 3018 discipulum
1473 2950 1662 3004 timere
1720 2949 1894 3003 Deum
1948 2948 2105 3002 doce-

544 3066 682 3116 mus,
735 3056 785 3104 et
831 3050 1100 3104 abstinere
1149 3050 1213 3103 ab
1263 3050 1415 3104 omui
1460 3055 1683 3116 peccato

610 3146 687 3200 Ad
740 3146 991 3215 pietatem
1045 3144 1212 3213 igitur
1269 3153 1321 3200 et
1377 3162 1594 3200 omnem
1645 3143 1901 3198 virtutem
1952 3141 2099 3196 omni

542 3247 722 3305 studio
773 3255 824 3304 et
866 3254 1061 3304 conatu
1106 3246 1435 3303 informandi
1480 3254 1604 3302 sunt
1653 3245 1891 3301 iuvenes
1947 3243 2100 3299 Prae-
