2315 3559
488 191 590 249 448
1114 210 1208 249 Lac
1234 225 1301 231 —
1327 209 1434 248 MAG

554 355 846 411 LECTORES,
887 370 966 400 seu
1001 356 1205 400 altiorum
1246 354 1578 410 disciplinarum
1618 355 1914 409 professores,
1956 356 2061 400 emi-

488 441 739 486 nentissimi
771 442 845 496 qui
878 448 995 497 sunt,
1031 441 1192 485 ceteris
1231 441 1594 495 praehaheantur
1623 441 1694 495 (11,
1726 441 1812 495 31),
1847 441 1882 486 si
1912 447 2058 486 tamen

489 534 709 573 conantur
736 542 842 572 vera
869 528 1070 572 docendo
1104 527 1282 571 tradere
1313 527 1462 582 potius
1495 541 1626 582 quam
1659 541 1773 571 nova
1806 528 2057 582 producere

487 614 579 669 (ΙΙΙ,
597 614 711 667 279).
732 614 936 659 lllaterias
959 613 1041 658 sibi
1063 613 1310 668 assignatas
1331 614 1448 659 intra
1464 628 1628 658 annum
1651 614 1831 658 omnino
1854 614 2060 669 expleant

487 701 579 756 (ΙΙΙ,
602 701 715 755 278),
750 706 1022 754 teneantque
1044 700 1088 744 in
1122 706 1313 755 utraque
1345 700 1551 745 facultate
1584 700 1830 744 doctrinam
1862 700 2057 754 Angelici

488 786 690 831 Doctoris
714 800 845 841 quarn
868 785 1004 840 Cong.
1029 785 1063 828 V
1085 792 1311 840 tamquam
1342 787 1573 841 propriam
1606 786 1834 831 Societatis
1866 786 2060 830 declara-

488 872 549 916 vit
587 872 678 926 (Ill,
720 871 835 926 280),
877 878 922 916 et
960 871 1004 915 in
1047 871 1366 926 philosophicis
1417 872 1625 917 studeant
1665 872 1796 917 etiam
1836 871 2060 916 Aristoteli

489 957 559 1011 (ΙΙ,
582 956 670 1011 32).

549 1084 918 1129 LIBERALITAS
949 1083 1119 1128 infinita
1151 1083 1243 1135 Dei,
1266 1098 1317 1128 ex
1351 1098 1439 1139 qua
1469 1084 1690 1129 bonorum
1724 1085 1918 1130 omnium
1952 1085 2063 1129 ratio

488 1171 747 1225 gratiaeque
770 1170 991 1214 redundat
1012 1170 1064 1224 (I,
1087 1170 1130 1224 2)
1156 1185 1165 1214 :
1191 1170 1282 1214 vid.
1307 1170 1617 1216 Perfectiones
1639 1172 1838 1216 divinae.

543 1258 819 1302 Liberalitas
841 1257 982 1311 qualis
1005 1271 1029 1300 a
1053 1256 1182 1301 nohis
1205 1257 1465 1311 requiratur
1482 1257 1553 1310 (II,
1573 1255 1671 1311 323)
1693 1272 1701 1300 :
1721 1257 1811 1302 vid.
1834 1257 2058 1302 Avaritia.

543 1385 875 1430 LIBERTATIS
897 1385 1137 1429 effrenatae
1161 1385 1343 1440 spiritus
1365 1384 1454 1438 (IV.
1478 1384 1592 1438 312),
1619 1384 1803 1430 effectus
1825 1384 1911 1438 (IV,
1935 1383 2059 1438 313);

489 1471 713 1517 timendus
754 1471 976 1525 religiosis
1017 1471 1105 1525 (IV,
1138 1471 1237 1526 313)
1268 1478 1312 1516 et
1343 1472 1472 1517 nobis
1503 1471 1590 1526 (IV,
1622 1471 1735 1525 317).
1770 1473 1804 1516 A
1835 1471 2063 1516 Societatis

490 1557 649 1613 spiritu
670 1558 895 1612 discrepat
915 1557 1000 1612 (lv,
1022 1557 1136 1612 318).
1161 1557 1271 1602 Mala
1291 1558 1395 1603 inde
1416 1558 1623 1603 Societati
1645 1557 1841 1602 timenda
1861 1557 1948 1612 (lv,
1968 1556 2061 1608 321,

491 1644 610 1699 323).

545 1762 695 1807 LIBRI
712 1775 735 1806 e
754 1762 914 1817 quihus
940 1776 1182 1817 numquam
1200 1763 1429 1807 doctrinae
1446 1768 1616 1807 tantum
1633 1762 1830 1816 accedet,
1850 1767 2063 1816 quantum

490 1853 539 1892 ut
559 1847 847 1892 castimoniae
880 1848 1066 1892 decedat
1096 1849 1140 1892 in
1162 1848 1349 1903 proclivi
1373 1855 1454 1901 est,
1480 1848 1661 1892 omnino
1694 1847 1928 1901 ablegandi
1961 1853 2063 1892 sunt

489 1934 541 1988 (1.
574 1934 669 1986 371,
703 1934 816 1988 459),
852 1949 950 1979 cum
983 1935 1249 1989 gravissima
1280 1935 1383 1979 inde
1414 1935 1613 1989 pericula
1644 1934 1857 1979 exsistant
1885 1934 1936 1988 (I,
1969 1934 2063 1984 371,

489 2019 586 2073 372,
609 2020 705 2074 459,
729 2020 827 2074 460)
849 2021 1114 2076 praesertim
1136 2021 1386 2066 iunioribus
1407 2021 1458 2074 (l,
1482 2020 1576 2065 461.
1601 2020 1662 2065 Cf.
1688 2020 1756 2075 IV,
1781 2020 1892 2074 166).

545 2105 700 2150 Libros
741 2106 990 2161 superfluos
1033 2107 1199 2151 habere
1239 2107 1308 2151 vel
1345 2107 1445 2151 usui
1481 2107 1666 2162 proprio
1709 2107 1914 2151 addicere
1946 2112 2064 2150 vetat

494 2192 737 2247 Paupertas
759 2192 830 2246 (ΙΙ,
854 2193 940 2247 87).
965 2192 1121 2238 Cetera
1142 2193 1233 2237 vid.
1260 2193 1470 2247 Gazulae,
1493 2194 1661 2239 Lectio.

546 2320 820 2365 LITTERAE
856 2335 1008 2365 sacrae
1043 2321 1169 2365 factis
1210 2335 1448 2376 expressae
1484 2335 1696 2365 coronam
1727 2321 1906 2376 pariunt
1933 2320 2063 2365 nobis

490 2406 702 2451 victoriae
724 2407 776 2460 (I,
803 2407 898 2460 142)
924 2422 933 2451 z
957 2407 1047 2452 vid.
1076 2408 1314 2464 Scriptura
1335 2408 1487 2454 Sacra.

545 2493 749 2538 Litterae
768 2493 928 2547 quibus
947 2494 1087 2538 nostri
1107 2494 1263 2538 eximie
1281 2494 1532 2549 expoliendi
1549 2499 1651 2539 sunt
1666 2493 1717 2548 (I,
1733 2493 1776 2546 3)
1794 2508 1802 2537 :
1820 2493 1910 2538 rid.
1927 2493 2061 2538 Scho-

489 2580 658 2625 lastici.

576 2742 871 2824 MAGISTER
896 2779 1245 2826 NOVICIORUM
1266 2781 1338 2835 (ll,
1363 2782 1429 2835 15,
1453 2781 1550 2835 427)
1573 2781 1663 2826 vid.
1688 2782 1878 2827 Novicii.

548 2910 834 2963 MAGISTRI,
848 2924 927 2955 seu
937 2918 1255 2966 praeceptores
1268 2914 1312 2957 in
1324 2913 1526 2967 Collegiis
1537 2912 1801 2967 deligantur,
1814 2927 1901 2969 non
1913 2918 2059 2957 tamen

493 2995 836 3050 exquisitissime
870 2996 941 3050 (ΙΙ,
972 2996 1040 3049 29,
1065 2996 1160 3050 3Ο);
1197 2998 1274 3042 sed
1296 2998 1420 3053 prius
1451 2998 1671 3042 formandi
1700 3005 1802 3043 sunt
1828 2999 1871 3042 in
1904 2998 2061 3053 spiritu

493 3083 564 3136 (ll,
588 3081 683 3135 311,
709 3081 824 3136 312),
848 3088 891 3126 et
911 3082 955 3125 in
978 3082 1134 3126 litteris
1156 3097 1239 3137 per
1259 3084 1511 3138 aptissimos
1531 3085 1812 3139 professores
1834 3084 1924 3138 (Ill,
1943 3084 2056 3137 274).

493 3166 841 3211 Saluberrimum
879 3166 1152 3221 apostolatus
1189 3182 1331 3222 genus
1369 3169 1536 3214 obeunt
1570 3169 1661 3222 (Ill,
1703 3169 1796 3223 157)
1829 3175 1872 3214 et
1900 3183 2061 3213 munus
