2315 3559
259 230 326 267 DE
351 226 606 266 VANITATE
633 227 811 265 RERUM
841 227 1172 265 HUMANARUM
1201 226 1587 265 CONTEMNENDA
1624 211 1724 267 ‘235

242 375 391 438 Quod
436 389 563 427 vero
607 371 673 425 ad
717 389 831 426 rem
882 379 1122 426 nostram
1172 371 1379 437 attinet,
1427 388 1488 425 ea
1533 372 1612 424 lex
1656 373 1721 426 ad

174 473 471 528 amovenda
509 489 568 526 ea
606 489 743 539 quae
794 471 981 524 mundi
1019 479 1141 524 sunt
1178 471 1414 538 propria,
1456 488 1573 524 eam
1614 470 1721 523 vim

173 573 352 638 habet,
399 580 474 637 ut,
517 572 559 625 si
604 588 710 624 non
756 570 823 624 sit
865 570 1137 637 Clausura,
1186 588 1335 624 mens
1381 587 1564 637 expers
1611 587 1723 623 esse

172 672 282 725 fere
331 687 437 724 non
482 671 648 723 soleat
690 669 832 722 illius
877 668 1203 736 cupiditatis,
1252 686 1357 736 qua
1402 668 1626 721 ferimur
1675 675 1725 721 et

171 769 476 836 incitamur,
517 786 681 836 prava
713 769 969 822 suadente
1003 776 1211 833 natura,
1241 769 1306 822 ad
1345 767 1724 822 consectandas

172 869 390 923 umbras
429 885 611 923 rerum
653 885 911 922 vanarum
951 876 1110 935 atque
1149 867 1410 920 inanium.
1448 866 1724 920 Immerito

171 968 336 1035 igitur
381 976 753 1036 quererentur,
801 968 985 1021 abesse
1029 967 1193 1033 virOS,
1241 983 1375 1034 quos
1420 966 1724 1034 spirituales

172 1076 223 1122 et
260 1067 488 1122 dicimus
528 1074 578 1121 et
617 1066 898 1133 miramur,
946 1066 990 1120 si
1029 1066 1122 1134 qui
1167 1074 1359 1133 essent,
1402 1066 1495 1133 qui
1534 1082 1726 1133 expan-

172 1184 254 1220 sas
299 1184 413 1221 esse
457 1167 595 1220 fores
642 1167 835 1220 vellent
879 1183 937 1219 ac
980 1165 1193 1233 pervios
1237 1164 1413 1218 aditus
1458 1165 1541 1231 iis,
1590 1181 1724 1232 quos

171 1265 423 1332 religiosa
501 1266 751 1319 honestas
824 1272 877 1319 et
924 1264 1245 1319 conveniens
1303 1262 1489 1318 Ordini
1540 1272 1723 1318 nostro

171 1364 414 1420 decentia
462 1364 613 1419 tectis
662 1364 859 1419 nostris
909 1382 968 1418 ac
1018 1363 1214 1431 saeptis
1273 1363 1510 1431 recipere
1561 1371 1720 1417 vetat.

240 1464 426 1518 Latere
466 1471 644 1517 tamen
682 1463 954 1517 neminem
999 1470 1191 1530 potest,
1239 1462 1545 1530 improbam
1585 1480 1724 1516 nunc

172 1581 284 1617 esse
311 1571 471 1631 atque
494 1562 894 1630 iniquissimam
916 1571 1223 1629 temporum
1245 1560 1527 1614 rationem,
1559 1560 1724 1628 Saepe

172 1661 419 1729 antiquas
457 1662 608 1715 sedes
636 1670 687 1715 et
723 1661 1007 1715 Clausurae
1044 1668 1193 1727 aptas
1221 1659 1525 1726 relinquere
1564 1667 1724 1727 atque

172 1762 379 1815 insueta
439 1761 686 1828 cogimur
733 1778 992 1829 quaerere
1042 1760 1333 1815 domicilia.
1388 1759 1520 1814 Sunt
1580 1759 1723 1813 enim

172 1861 564 1915 infensissimae
601 1869 784 1915 nostro
805 1859 993 1915 Ordini
1030 1860 1374 1914 tenebrarum
1413 1867 1720 1927 potestates.

241 1960 372 2014 Sunt
444 1960 621 2015 callidi
695 1960 821 2014 mali
903 1959 1180 2014 daemonis
1255 1966 1494 2026 conatus,
1571 1958 1724 2026 isque

172 2059 464 2126 adiutoreS,
508 2059 697 2126 socios,
746 2060 980 2113 fautores
1025 2058 1142 2112 illos
1187 2058 1365 2124 habet,
1414 2057 1506 2126 qui
1551 2057 1725 2111 Socie-

172 2165 337 2212 tatem
397 2160 514 2213 Iesu
571 2160 878 2227 collapsam,
932 2166 1275 2227 prostratam,
1320 2175 1561 2212 eversam
1621 2158 1725 2211 vel-

172 2259 314 2312 lent‘?
353 2258 507 2313 Eludi
545 2276 733 2313 eorum
773 2258 923 2312 dolos
962 2266 1011 2312 et
1050 2258 1301 2325 impetus,
1344 2266 1503 2325 atque
1542 2257 1724 2311 irritos

172 2356 290 2410 fieri
344 2373 557 2410 necesse
618 2364 713 2410 est.
772 2357 956 2424 Neque
1017 2356 1254 2411 dandum
1316 2364 1394 2410 est
1443 2356 1723 2424 quidpiam

173 2455 388 2509 dolosae
459 2472 646 2509 eorum
704 2455 957 2510 malitiae.
1021 2455 1146 2519 Quis
1203 2455 1345 2509 enim
1404 2454 1613 2522 sapiens
1670 2455 1724 2508 in

172 2563 348 2609 tensas
398 2554 499 2608 sibi
543 2555 609 2608 ab
668 2556 819 2609 hoste
877 2573 930 2610 se
988 2555 1101 2623 ipse
1157 2554 1414 2609 immittet
1470 2554 1725 2608 insidias?

173 2653 286 2717 Quo
325 2654 597 2708 fallaciore
647 2654 895 2723 princeps
946 2655 1105 2709 huius
1145 2655 1334 2708 mundi
1377 2655 1549 2708 utitur
1586 2662 1726 2708 astu-

172 2753 264 2819 tia,
313 2771 375 2807 eo
420 2753 765 2819 diligentiore
816 2754 1174 2809 sollicitudine
1214 2753 1426 2807 virtutis
1476 2761 1528 2807 et
1577 2770 1726 2806 sanc-

172 2851 339 2906 titatis
378 2853 798 2920 propugnacula,
841 2853 1001 2921 muri,
1040 2853 1307 2921 praesidia
1344 2852 1542 2906 tuenda
1581 2859 1719 2904 sunt.

241 2950 493 3005 Clausura
566 2951 731 3018 igitur
803 2951 1086 3006 firmanda.
1161 2953 1234 3006 Ea
1300 2952 1537 3020 primum
1611 2967 1723 3004 esse

173 3050 333 3104 debet
368 3051 512 3118 quod
553 3059 826 3119 appareat,
861 3069 983 3105 cum
1023 3053 1204 3106 sedem
1242 3069 1437 3106 novam
1475 3050 1720 3117 figimus;

175 3149 428 3204 ultimum
473 3152 617 3219 quod
664 3150 890 3215 desinat,
933 3169 1052 3205 cum
1099 3152 1281 3206 sedem
1333 3153 1577 3206 deserere
1616 3149 1726 3204 adi-

174 3246 372 3311 gimur.
