2315 3559
548 195 617 251 36
789 214 1039 253 Erisrom
1076 215 1295 254 ΑΝΤΟΝΠ
1333 216 1531 254 MARIAE
1568 217 1877 256 ANDERLEDY

203 363 466 418 parentibus
544 359 777 414 mirifico
829 376 919 413 eos
970 362 1212 428 exemplo
1257 361 1558 415 duodennis
1604 363 1787 416 doeuit
1830 364 2115 419 hominum

194 425 470 472 anteponere
1235 460 1243 469 .
1293 460 1302 469 .
1720 462 1729 471 .

206 487 288 516 nos
311 474 460 518 docuit
544 459 892 527 Redemptor.
936 460 1158 513 Matrem
1204 460 1306 513 Slbl
1352 461 1605 528 elegerat,
1647 479 1733 515 eui
1782 480 1968 530 parem
2007 480 2115 517 non

241 528 422 573 Divinus

219 583 431 635 Salvator,
541 557 863 625 reppereris,
900 557 1178 624 Virginem
1215 559 1641 627 Immaculatam,
1666 559 1825 613 nullis
1852 578 2113 629 umquam

538 675 714 725 neque
751 659 1088 724 angelorum,
1137 675 1311 725 neque
1355 658 1641 712 hominum
1687 659 1935 713 laudibus
1985 660 2113 714 satis

535 757 890 822 celebratam3
926 757 1138 810 Patrem
1172 774 1299 811 vero
1327 756 1651 825 Nutrieium,
1684 758 1910 824 dignum
1933 766 2111 813 tantae

535 864 755 924 tamque
793 856 1233 925 incomparabilis
1268 856 1605 911 innocentiae
1638 859 1936 912 custodem.
1967 860 2112 912 Atta-

534 973 657 1009 men
690 973 813 1009 eum
843 957 1017 1009 honor
1051 964 1304 1021 ageretur
1331 956 1502 1009 Patris
1530 957 1790 1024 caelestis,
1828 958 2027 1011 mansit
2054 958 2109 1012 in

532 1056 695 1109 domo
728 1055 841 1121 Dei,
875 1072 982 1109 non
1014 1055 1270 1122 ignorans
1314 1056 1726 1110 acerbissimum
1768 1058 1881 1111 sore
1919 1075 2110 1125 paren-

533 1162 644 1208 tum
666 1155 929 1208 dolorem.

597 1253 710 1316 Quo
770 1254 908 1307 sacto
969 1254 1035 1307 ad
1081 1253 1441 1308 erudiendum
1502 1255 1783 1321 aptissimo
1842 1273 1969 1308 usus
2027 1263 2105 1309 est

191 1365 437 1442 2322133133·
526 1353 576 1407 S.
612 1353 768 1407 Pater
808 1352 1048 1419 Ignatius
1083 1361 1142 1406 ut
1175 1370 1272 1407 nos
1308 1355 1574 1421 edoceret,
1613 1354 1885 1409 Christum
1925 1356 2106 1409 Domi-

265 1452 361 1482 S‘ffi·
525 1471 675 1521 num,
705 1471 829 1507 eum
852 1453 1052 1507 relictis
1073 1453 1388 1521 parentibus
1410 1454 1464 1506 in
1491 1455 1751 1521 templum
1774 1472 1828 1508 se
1850 1456 2097 1524 eontulit,

524 1554 757 1607 formam
803 1553 959 1607 nobis
995 1553 1346 1620 Evangelieae
1386 1553 1730 1621 perfeetionis
1774 1555 2096 1612 exhibuisse.

524 1653 761 1708 Pertinet
805 1653 950 1707 enim
1001 1655 1067 1708 ad
1116 1653 1255 1708 vitae
1300 1654 1645 1722 perfeetionis
1696 1655 1981 1723 rationem,
2041 1664 2100 1710 ut

522 1752 748 1807 vinculis
789 1752 949 1806 soluti
988 1753 1164 1807 earnis
1202 1761 1254 1807 et
1292 1753 1588 1821 sanguinis7
1627 1753 1795 1808 libera
1839 1754 1894 1808 in
1929 1755 2097 1810 Deum

520 1867 700 1908 mente
723 1854 978 1907 feramur.

172 1969 286 2013 idffln
311 1972 447 2015 Abra-
586 1952 669 2007 11.
714 1953 825 2006 Hoe
853 1952 961 2006 iam
984 1970 1044 2007 ex
1070 1961 1391 2008 testamento
1421 1953 1584 2007 veteri
1607 1953 1930 2020 colligimus.
1963 1954 2094 2010 Cum

152 2024 460 2133 h²¹¹¹¹3ffitf¹³¹²
518 2052 663 2106 enim
713 2054 919 2107 clarum
958 2061 1011 2107 et
1048 2053 1316 2120 insignem
1367 2054 1433 2108 ad
1484 2061 1727 2122 posteros
1778 2071 1892 2108 esse
1939 2056 2095 2110 vellet

518 2167 543 2200 ((
585 2152 719 2207 dixit
726 2196 850 2207 ......
887 2153 1147 2207 Dominus
1181 2154 1247 2207 ad
1279 2153 1478 2207 Abram
1510 2171 1520 2206 :
1552 2153 1820 2219 Egredere
1856 2155 1921 2208 de
1950 2162 2091 2210 terra

518 2270 543 2304 »
588 2259 675 2305 tua
711 2260 762 2306 et
789 2253 855 2307 de
890 2252 1211 2319 cognatione
1248 2260 1338 2306 tua
1373 2260 1425 2306 et
1450 2252 1516 2306 de
1553 2253 1716 2306 domo
1747 2252 1917 2306 Patris
1939 2253 2017 2307 tui
2039 2263 2091 2308 et

189 2370 287 2401 Gen.
306 2371 413 2410 121„
517 2369 542 2403 )>
585 2352 704 2405 veni
734 2351 787 2405 in
811 2360 1032 2420 terram,
1057 2369 1222 2420 quam
1251 2352 1564 2406 monstrabo
1592 2351 1707 2405 tibi.
1743 2370 1767 2404 ))

584 2451 769 2505 Paruit
818 2451 1095 2520 piissimus
1136 2452 1235 2519 vir,
1289 2451 1523 2505 incertus
1568 2468 1755 2505 eorum
1801 2470 1939 2519 quae
1984 2452 2086 2506 sibi

513 2558 770 2604 eventura
798 2560 993 2618 essent,
1012 2559 1156 2605 certa
1178 2552 1428 2605 deserens
1451 2568 1547 2618 pro
1570 2551 1767 2618 dubiis,
1783 2552 2084 2618 praesentia

513 2666 609 2716 pro
638 2649 850 2703 suturis

135 2780 344 2819 magnum
368 2770 466 2814 ideo
582 2746 682 2801 Sed
721 2747 836 2801 viro
865 2747 1176 2802 oboedienti
1210 2747 1553 2813 contigerunt
1586 2748 1669 2816 iis,
1700 2766 1839 2817 quae
1866 2767 2080 2817 sperare

152 2836 436 2924 cggggffifflung
513 2854 740 2913 poterat,
783 2849 940 2914 longe
978 2847 1202 2901 maiora.
1246 2861 1271 2894 «
1309 2847 1632 2915 Faciamque
1671 2856 1721 2902 te
1764 2848 1818 2901 in
1862 2856 2077 2914 gentem

515 2966 540 3000 ))
581 2965 854 3015 magnam,
886 2957 937 3002 et
963 2949 1278 3004 benedicam
1305 2948 1399 3002 {tibi
1421 2958 1472 3003 et
1493 2950 1853 3015 magnificabo
1879 2967 2076 3004 nomen

246 3070 351 3102 ma.
514 3065 538 3099 ›>
580 3055 753 3113 tuum,
829 3048 1044 3115 erisque
1111 3048 1442 3102 benedictus.
1518 3068 1543 3102 ))
1618 3050 1758 3103 Ilaee
1823 3049 2070 3116 eredidit,

510 3149 786 3217 fidemque
836 3158 1056 3204 eventus
1107 3151 1490 3206 remuneraxit.
1545 3151 1687 3214 Quae
1748 3151 1892 3205 enim
1942 3169 2072 3218 gens
