2315 3559
158 602 257 642 Reg.
299 603 488 635 monach.

178 650 225 673 ex
264 644 403 683 script.
435 654 467 676 s.

158 684 266 714 Hier.
294 685 384 716 coll.
412 686 488 717 Lu-

156 733 234 764 pus
258 725 306 757 cle
330 726 487 760 Olmeto

263 775 295 798 c.
327 768 375 798 18.

178 1137 312 1169 Consi.
330 1141 453 1171 ascet.

150 1178 362 1219 (monast.)
379 1190 411 1212 c..
428 1182 481 1212 20.

149 1227 190 1250 n.
207 1220 239 1251 3.
259 1220 342 1256 tEd.
363 1222 480 1263 Ven.)

151 1289 255 1333 Reni
300 1291 480 1344 qussius-

147 1345 478 1391 danidssficsseni

147 1401 301 1454 regula
324 1408 479 1445 octava

231 1470 388 1500 summ.

201 1511 416 1565 postulat3

144 1593 336 1638 vincitur
367 1610 474 1639 vero

190 1649 422 1694 difficultas

194 1706 426 1758 proposno

163 1759 290 1803 nobis
309 1774 453 1804 exem—

271 1815 344 1868 plo

161 1868 205 1912 Β.
233 1869 449 1914 Edmundi

224 1932 267 1968 et
284 1926 381 1969 Soc.

164 2192 208 2230 et
225 2188 437 2249 memoria

174 2249 418 2286 vocationis

201 2304 394 2340 nostrae.

535 229 604 282 44
775 246 1027 284 EPISTOLA
1062 247 1281 287 ANTONII
1322 250 1519 288 MARIAE
1556 251 1865 289 ANDERLEDY

537 390 772 445 maximo
800 409 987 446 eorum
1024 400 1075 447 et
1108 411 1204 446 suo
1242 396 1384 448 malo
1419 395 1713 463 salutisque
1745 395 2104 463 sempiternae

536 489 775 557 periculo
803 493 1021 546 eosdem
1051 493 1223 547 facere
1250 493 1454 547 alienae
1482 493 1557 548 rei
1585 511 1938 562 possessores.

602 590 679 644 Ad
722 608 835 644 rem
874 591 924 645 S.
969 592 1325 660 Hieronymus
1356 611 1366 646 :
1399 608 1425 641 ((
1456 594 1647 657 Quanti
1687 594 2099 660 monachorum,

535 707 560 740 ))
601 688 693 755 ait,
719 691 849 743 dum
872 691 1039 758 patris
1062 691 1360 759 matrisque
1381 692 1724 760 miserentur,
1750 710 1871 746 suas
1894 692 2101 745 animas

534 806 559 839 ))
601 789 981 855 perdiderunt;
1028 810 1053 843 ))
1095 798 1146 844 et
1185 790 1234 845 S.
1287 791 1510 844 Basilius
1552 810 1561 844 :
1605 806 1630 839 ((
1671 791 1896 858 Cognito
1935 791 2103 857 igitur

533 906 558 939 ))
600 887 926 943 intolerabili
954 889 1046 944 illo
1075 891 1293 957 damno,
1331 892 1476 958 quod
1506 909 1566 945 ex
1593 890 1772 945 studio
1800 890 1853 944 in
1881 890 2102 959 propin-

531 1005 557 1039 »
598 1004 733 1055 quos
780 996 991 1042 nostros
1043 989 1299 1056 nascitur,
1348 997 1650 1058 susceptam
1701 1006 1889 1044 eorum
1939 1007 2099 1043 causa

530 1104 555 1138 ))
597 1087 1016 1142 sollicitudinem
1053 1095 1333 1155 tamquam
1373 1088 1703 1143 diabolicum
1730 1090 1897 1142 telum
1926 1088 2100 1155 fugia-

529 1204 554 1238 »
596 1203 733 1239 mus,
769 1205 794 1238 )>

593 1284 653 1338 21
720 1284 1009 1340 Studemus
1078 1285 1351 1340 interdum
1428 1294 1608 1352 tegere
1674 1303 1770 1340 nos
1838 1294 1890 1341 et
1950 1295 2096 1341 extra

524 1385 738 1452 culpam
790 1401 990 1452 ponere
1046 1386 1404 1453 praetexendo
1466 1385 1666 1452 regulis
1720 1387 1918 1440 nostris
1978 1405 2093 1441 rem

523 1483 782 1551 postulari
822 1483 1115 1539 difficilem.
1159 1484 1281 1551 Sed,
1324 1503 1544 1553 quaeso,
1587 1485 1757 1539 fuitne
1796 1485 2093 1541 iucundum

522 1583 841 1651 Martyribus
881 1584 1098 1652 nostriS‚
1147 1586 1213 1640 ad
1254 1586 1516 1653 probrosa
1556 1585 1758 1653 raptari
1798 1585 2094 1654 supplicia?

522 1682 793 1750 Equuleus
836 1692 887 1738 et
924 1692 1195 1739 tormenta
1234 1686 1551 1739 sueruentne
1590 1685 1775 1739 suavia
1813 1685 2087 1752 sensibus;

518 1782 754 1837 ludibria
779 1792 1099 1853 atrocesque
1127 1784 1358 1839 iniuriae
1386 1785 1672 1839 fueruntne
1692 1792 1916 1840 naturae
1942 1786 2092 1839 blan-

515 1881 794 1937 dimenta?
820 1884 1014 1951 Magno
1046 1892 1224 1939 tamen
1259 1884 1335 1938 illi
1371 1884 1554 1938 animo
1581 1902 1642 1938 ea
1676 1884 1914 1952 perpessi
1943 1893 2084 1952 sunt,

514 1989 572 2035 ut
610 1983 944 2037 custodirent
982 1985 1156 2051 legem
1202 1983 1419 2037 Domini
1465 1991 1515 2037 et
1559 1983 1613 2037 in
1658 1984 1766 2038 fide
1811 1985 1917 2038 Deo
1962 1986 2086 2040 data

514 2090 834 2149 perstarent.

579 2183 696 2236 Non
741 2184 893 2237 decet
937 2200 1052 2250 Ποε,
1107 2184 1298 2238 eodem
1349 2182 1635 2250 insignitos
1685 2183 1924 2251 nomine,
1971 2186 2087 2251 glo-

511 2280 732 2349 riaeque
771 2282 1064 2350 Martyrum
1104 2282 1413 2352 participeS,
1455 2292 1663 2351 partem
1703 2283 1881 2351 operis
1920 2285 2085 2338 susci-

510 2399 636 2448 pere
680 2383 839 2450 nolle‚
889 2390 941 2437 et
985 2401 1064 2450 ea,
1113 2401 1251 2451 quae
1302 2384 1469 2438 ardua
1521 2391 1573 2438 et
1622 2383 1892 2438 laboriosa
1936 2392 2078 2451 sunt,

508 2482 822 2536 detrectare.

578 2582 763 2636 Fidem
791 2582 1021 2636 Domino
1044 2584 1109 2637 de
1131 2582 1286 2636 nobis
1315 2583 1564 2637 dedimus
1591 2601 1600 2636 :
1626 2584 1949 2651 praestanda
1977 2592 2073 2638 est.

505 2681 800 2750 Spondenti
853 2683 961 2736 Deo
1005 2684 1317 2750 centuplum
1369 2690 1532 2750 atque
1584 2682 1749 2737 vitam
1800 2690 2075 2738 aeternam

506 2779 728 2848 polliciti
797 2799 983 2834 sumus
1048 2779 1376 2834 militaturos
1439 2798 1535 2834 nos
1587 2799 1701 2835 esse
1751 2782 1850 2835 suh
1901 2781 2074 2836 crucis

506 2878 714 2944 veinIO,
758 2878 1101 2947 fideliterque
1140 2880 1374 2933 facturos
1420 2897 1558 2947 quae
1609 2880 1855 2934 instituto
1889 2888 2073 2934 nostro

503 2977 916 3046 praefiniuntur.
950 2978 1017 3031 Ut
1044 2995 1321 3032 servemus
1358 2987 1593 3046 pactum,
1625 2996 1732 3033 non
1765 2997 1859 3033 eae
1896 2980 2071 3033 solum

504 3077 719 3143 regulae
779 3077 1150 3144 exsequendae
1212 3085 1352 3144 sunt,
1419 3096 1557 3145 quae
1618 3096 1810 3146 parum
1873 3078 2073 3132 habent

502 3174 700 3229 laboris
728 3183 780 3228 et
806 3174 1155 3241 difficultatis,
1199 3177 1289 3230 sed
1331 3193 1428 3243 pro
1471 3176 1675 3230 viribus
1713 3183 1767 3231 et
1804 3183 2069 3244 quantum
