2315 3559
498 215 601 272 348
915 234 1234 274 sUMMARmM
1274 234 1638 273 EPISTOLARUM

497 379 565 425 20.
600 379 720 433 Quae
741 380 795 425 de
813 379 1093 425 oboedientia
1114 381 1229 425 dicta
1250 386 1367 435 sunt,
1382 381 1435 425 ab
1453 380 1658 425 omnibus
1674 380 1719 425 in
1731 380 1948 427 Societate
1962 388 2065 427 sunt

611 465 905 510 observanda.

496 553 564 597 21.
598 553 762 598 Omnes
784 553 977 607 denique
999 554 1051 597 ad
1074 567 1170 598 eam
1193 553 1399 597 virtutem
1420 559 1512 598 toto
1533 559 1717 608 pectore
1733 553 2003 599 incumbant.

541 709 955 773 EPISTOLA
1000 710 1083 772 R.
1120 711 1196 770 P.
1236 711 1315 772 N.
1350 711 1647 774 JAGOBI
1688 711 2022 773 LAYNEZ

497 861 563 899 AD
602 861 681 899 PP.
726 861 789 898 ET
828 861 908 899 FF.
952 861 1041 907 QUI
1082 861 1215 899 SUNT
1255 861 1309 898 IN
1349 845 1610 913 1ND1A,12
1648 846 1890 901 decemb.
1928 845 2064 902 1558

564 965 641 1020 De
666 966 1052 1034 maynz'tudine
1075 967 1307 1033 suscepti
1327 967 1502 1034 operis
1527 973 1577 1021 et
1602 967 1995 1021 conservatione

1162 1066 1394 1133 spiritus

977 1164 1149 1231 (Tom.
1184 1165 1222 1233 Ι,
1253 1183 1342 1233 pp.
1376 1164 1581 1233 48-54.)

524 1318 561 1360 1.
596 1317 643 1360 ln
679 1317 855 1370 signum
891 1317 1070 1370 amoris,
1112 1323 1155 1361 et
1189 1317 1242 1361 ad
1273 1331 1395 1361 suam
1433 1317 1573 1371 ipsius
1605 1316 1955 1362 consolationem
1985 1317 2062 1361 has

606 1403 849 1447 conscribit
869 1403 1053 1447 litteras.

548 1489 634 1533 2-4.
670 1490 827 1545 Magno
849 1490 1066 1534 beneficio
1091 1490 1346 1544 dignantur,
1372 1504 1483 1544 quos
1506 1495 1635 1534 vocat
1656 1489 1772 1534 Deus
1795 1490 1847 1533 ad
1870 1489 2063 1534 Indicam

603 1578 876 1631 missionem,
910 1584 1001 1622 tum
1023 1583 1211 1632 propter
1232 1578 1534 1622 excellentiam
1557 1577 1752 1632 suscepti
1783 1577 1948 1632 operis,
1971 1583 2063 1622 tum

604 1665 660 1709 ob
681 1665 1039 1720 praerogativam
1060 1665 1104 1708 in
1127 1671 1213 1708 tarn
1238 1664 1426 1708 sublime
1449 1677 1562 1719 opus
1583 1663 1951 1708 incumbentium.

520 1753 560 1797 5.
594 1753 705 1797 Hinc
726 1751 888 1796 multos
909 1751 978 1795 hic
1000 1757 1123 1796 tenet
1143 1751 1306 1795 ardens
1323 1751 1593 1795 desiderium
1615 1750 1744 1795 huius
1765 1749 2007 1795 missionis.

520 1840 559 1884 6.
595 1840 675 1893 Qui
710 1839 755 1883 in
786 1839 867 1883 hac
901 1838 1113 1883 missione
1150 1838 1304 1882 vivunt
1338 1838 1499 1882 solidas
1536 1843 1764 1882 sectentur
1793 1837 1995 1892 virtutes,
2018 1843 2066 1882 ut

602 1926 725 1970 utilia
746 1925 936 1970 evadant
955 1925 1138 1969 Divinae
1158 1938 1316 1969 manus
1337 1924 1648 1968 instrumenta.

521 2014 559 2058 7.
593 2012 692 2057 Zelo
719 2018 867 2056 tamen
898 2011 1033 2056 nimio
1055 2011 1174 2055 vires
1210 2011 1413 2066 corporis
1449 2024 1505 2054 ne
1526 2009 1750 2064 frangant,
1774 2016 1817 2054 et
1845 2009 1919 2065 pia
1950 2009 2066 2055 solli·
2086 2044 2101 2056 .

603 2098 798 2144 citudine
813 2098 1072 2143 interiorem
1090 2097 1293 2152 spiritum
1311 2103 1593 2141 conservent.
1871 2093 1875 2096 ’

520 2186 559 2230 8.
595 2186 706 2230 Hinc
729 2191 856 2230 caute
879 2183 1106 2228 ambulent
1126 2184 1244 2227 inter
1273 2188 1430 2237 gentes
1461 2197 1717 2237 perversas,
1740 2183 1900 2227 timore
1923 2182 2000 2227 Dei
2023 2188 2067 2227 et

604 2286 771 2326 amore,
794 2285 844 2316 ac
866 2271 1087 2316 cotidiana
1107 2269 1423 2314 recollectione
1452 2269 1586 2314 animi
1610 2275 1760 2314 cetera
1787 2268 2062 2324 supplentes.

521 2360 561 2403 9.
595 2358 839 2412 Quotannis
860 2372 943 2414 per
964 2358 1057 2402 dies
1080 2357 1248 2411 aliquot
1268 2356 1430 2411 singuli
1453 2370 1500 2401 se
1522 2361 1743 2401 renovent
1763 2355 1808 2400 in
1831 2354 2006 2411 spiritu,
2023 2360 2067 2399 et

604 2445 767 2500 iugiter
786 2459 811 2489 a
828 2443 1135 2500 superioribus
1157 2443 1258 2488 duci
1281 2456 1328 2487 se
1346 2443 1509 2487 sinant.

494 2601 913 2666 EPISTOLA
929 2602 991 2665 S.
1011 2602 1087 2662 P.
1106 2603 1187 2663 N.
1204 2598 1654 2664 FRANGISCI
1676 2597 2063 2662 BORGIAE

494 2755 560 2794 AD
576 2755 655 2792 PP.
672 2754 735 2792 ET
757 2754 836 2791 FF.
855 2752 1169 2791 PROVINCIAE
1193 2751 1531 2804 AQUITANIAE,
1553 2752 1722 2790 mens,
1755 2734 1910 2803 april.
1928 2732 2064 2789 1569

631 2859 708 2914 De
743 2858 942 2913 mediis
979 2857 1329 2911 conservandi
1353 2856 1617 2924 spiritum
1643 2855 1925 2910 Societatis

986 2956 1157 3024 (Tom.
1184 2957 1223 3023 Ι,
1249 2974 1337 3024 pp.
1362 2955 1567 3024 542-73.)

524 3113 562 3155 1.
597 3109 767 3155 Gaudet
787 3109 842 3154 de
864 3107 1076 3163 singulari
1098 3107 1379 3162 providentia
1400 3106 1478 3150 Dei
1498 3105 1543 3150 in
1565 3104 1842 3150 Societatem.
1869 3102 1980 3147 Hinc
2005 3101 2064 3146 ait

607 3197 773 3252 gratias
794 3196 990 3251 agendas
1013 3195 1118 3247 De0,
1144 3200 1187 3239 et
1207 3207 1367 3248 magna
1384 3206 1491 3238 cura
1511 3191 1796 3246 vigilandum.
