2315 3559
793 210 892 248 GRA
918 225 974 230 -
1009 210 1112 247 ΙΙΟΝ
1628 199 1728 254 '939

230 356 435 401 GRATIA
465 356 564 399 lesu
600 353 756 399 Christi
787 359 963 407 optatur
993 353 1037 397 in
1076 354 1219 408 capite
1250 356 1318 399 vel
1353 356 1405 399 ad
1437 356 1600 400 calcem
1638 357 1731 411 plu-

176 441 289 484 rium
306 440 590 495 epistolarum
607 439 658 492 (Ι,
678 439 714 488 1,
732 438 795 488 18,
811 437 878 490 32,
898 439 1022 491 48...)
1037 453 1047 491 ;
1063 439 1194 493 longe
1213 440 1511 494 praestantior
1527 440 1730 485 omnibus

177 525 303 569 donis
321 524 590 569 naturalibus
607 523 658 576 (Ι,
676 523 786 575 149),
807 522 910 576 quid
929 537 951 566 a
969 523 1096 567 nohis
1113 524 1302 568 invicem
1324 530 1532 578 reposcat
1547 524 1616 576 (ΙΙ,
1633 524 1727 578 235,

178 600 276 655 236)
301 616 310 644 :
336 600 425 645 vid.
448 600 688 645 Beneficia.

235 687 390 731 Gratia
408 686 632 730 hominum
655 698 767 739 quae
786 698 918 739 saepe
935 685 1062 729 fallax
1084 693 1151 730 est
1172 686 1241 739 (Il,
1266 685 1364 739 340)
1386 700 1395 730 :
1418 685 1510 731 vid.
1529 686 1732 731 Externi.

236 833 449 878 GRAVES
469 832 535 877 vel
569 832 877 878 GRAVIORES
909 834 1169 878 auctoritate
1202 834 1353 879 Patres
1374 834 1426 889 (Ι,
1448 833 1543 878 377.
1568 834 1618 885 ΙΙ,
1638 833 1734 887 211,

182 919 253 973 ΙΙΙ,
278 918 373 971 158)
399 933 407 962 :
432 917 522 962 vicl.
545 918 858 973 Antiquiores.

235 1068 599 1123 GUBERNATIO,
625 1082 756 1123 quam
789 1075 928 1112 artem
957 1069 1116 1113 artium
1144 1069 1304 1114 merito
1335 1069 1559 1124 sapientes
1589 1068 1741 1113 dicunt

182 1156 252 1209 (ΙΙ,
275 1155 374 1209 218)
395 1161 438 1200 et
458 1154 511 1198 ad
534 1168 665 1209 quam
686 1155 903 1198 formandi
927 1161 1028 1199 sunt
1049 1155 1311 1210 Superiores
1333 1155 1384 1208 (Ι,
1408 1154 1520 1208 191),
1541 1154 1597 1199 sit
1620 1168 1629 1197 ε

239 1243 282 1285 10
299 1240 463 1286 Sudvis
483 1241 534 1296 (Ι,
557 1241 621 1291 77,
643 1240 709 1284 78.
734 1240 785 1294 ΙΙ,
818 1240 909 1291 195,
931 1240 1024 1293 196,
1051 1239 1145 1293 421,
1170 1239 1281 1294 422),
1303 1254 1358 1284 ne
1390 1239 1628 1294 asperitate
1663 1239 1742 1283 tol-

183 1328 297 1371 latur
326 1327 485 1370 fiducia
517 1332 560 1370 et
587 1326 839 1370 reverentia
864 1326 1139 1370 subditorum
1169 1326 1220 1379 (Ι,
1258 1325 1350 1376 102,
1372 1325 1466 1370 103.
1490 1325 1551 1370 Cf.
1576 1325 1628 1378 ΙΙ,
1652 1325 1739 1379 24).

185 1414 231 1458 Id
264 1413 396 1467 exigit
426 1412 684 1467 Apostolus;
708 1412 749 1455 id
774 1412 910 1456 voluit
930 1413 970 1456 S.
996 1412 1190 1466 ignatius
1213 1426 1265 1455 ex
1286 1411 1488 1455 doctrina
1519 1411 1675 1456 Christi
1701 1418 1744 1455 et

189 1499 389 1550 Patrum;
413 1497 456 1541 id
478 1497 607 1541 etiam
630 1497 839 1541 suadetur
860 1511 910 1541 ex
934 1504 1088 1541 natura
1110 1497 1239 1541 officii
1261 1497 1312 1550 (Ι,
1336 1496 1494 1550 79-81).

241 1583 286 1627 20
323 1583 479 1627 Fortis
517 1583 562 1626 in
602 1588 751 1626 exacta
796 1582 1047 1636 regularem
1098 1581 1410 1626 observatione
1457 1581 1746 1626 custodienda

188 1671 238 1724 (Ι,
258 1670 396 1721 87-89,
417 1669 483 1714 95.
509 1669 558 1720 ΙΙ,
579 1669 646 1722 23,
670 1669 765 1721 216,
788 1669 883 1722 224,
908 1669 1019 1723 422),
1043 1683 1098 1714 ne
1132 1669 1265 1712 nimia
1296 1668 1572 1723 indulgentia
1599 1668 1648 1721 (Ι,
1675 1668 1743 1721 99,

190 1756 401 1810 408-411),
422 1762 496 1800 aut
515 1756 648 1799 animi
678 1756 940 1800 remissione
960 1757 1031 1809 (ΙΙ,
1066 1756 1276 1808 196-198),
1308 1756 1504 1810 graviter
1534 1761 1749 1800 noceatur

191 1841 410 1895 Societati‚
434 1841 617 1886 subditis
640 1847 683 1885 et
701 1841 810 1895 ipsis
831 1841 1142 1896 Superioribus
1164 1842 1194 1893 I,
1215 1841 1383 1886 99-101.
1408 1841 1457 1892 ΙΙ,
1477 1840 1691 1895 201-206).

245 1927 289 1971 30
316 1927 590 1982 Spiritmzlis
622 1941 671 1971 ac
700 1927 908 1986 religiosa
930 1928 980 1981 (I,
1007 1928 1100 1981 104,
1127 1928 1219 1973 105.
1253 1927 1314 1972 Cf.
1351 1928 1380 1978 Ι,
1412 1927 1553 1981 81-87,
1585 1927 1652 1978 89,
1680 1927 1747 1971 90.

194 2013 246 2064 II,
269 2012 382 2066 421),
407 2012 580 2066 qualem
601 2012 643 2056 S.
668 2013 861 2067 ignatius
893 2014 1092 2067 exemplo
1116 2027 1195 2057 suo
1218 2013 1367 2057 docuit
1395 2019 1437 2057 et
1464 2013 1508 2056 in
1537 2012 1753 2056 Constitu-

194 2097 386 2142 tionibus
417 2098 596 2141 tradidit
622 2098 671 2151 (Ι,
701 2098 819 2152 106);
849 2112 938 2142 non
971 2112 1078 2142 vero
1106 2098 1286 2152 politica
1306 2104 1350 2142 et
1369 2098 1561 2142 humana
1581 2097 1631 2151 (Ι,
1657 2096 1751 2150 103,

198 2184 291 2248 104.
314 2183 376 2227 Cf.
395 2183 446 2236 ΙΙ,
467 2183 677 2236 190-194),
699 2197 811 2237 quae
832 2183 1093 2237 Superiores
1114 2184 1158 2226 in
1181 2183 1457 2227 difficultates
1479 2181 1756 2226 inextricabi-

197 2268 260 2312 les
282 2268 536 2322 adduceret,
570 2268 743 2322 ingrata
775 2268 960 2312 subditis
989 2274 1032 2312 et
1062 2268 1293 2322 principiis
1321 2267 1549 2321 religionis
1580 2267 1755 2311 inimica

197 2356 246 2408 (Ι,
270 2355 362 2405 104,
383 2354 496 2407 105).

255 2441 438 2494 Magnae
455 2440 580 2484 dotes
601 2439 890 2494 requiruntur
906 2440 958 2483 ad
977 2440 1343 2493 gubernationem
1365 2445 1487 2483 recte
1509 2439 1757 2483 obeundam

201 2527 253 2581 (Ι,
277 2526 371 2570 115.
396 2526 445 2577 ΙΙ,
465 2525 550 2579 36),
575 2531 618 2569 et
634 2525 755 2578 gravi
774 2524 1040 2578 obligatione
1057 2530 1266 2568 tenentur
1285 2524 1313 2568 ii
1335 2538 1524 2578 quorum
1546 2529 1614 2568 est
1633 2530 1759 2578 aptos

202 2625 457 2667 proponere
492 2610 745 2664 Praeposito
778 2610 974 2664 generali
1006 2610 1074 2663 (11,
1106 2609 1201 2660 223,
1227 2609 1322 2652 224.
1353 2609 1413 2653 Cf.
1439 2609 1489 2660 ΙΙ,
1512 2608 1607 2662 153)
1633 2623 1642 2653 1
1666 2609 1757 2653 vid.

205 2697 569 2750 Informationes,
592 2695 870 2751 Superiores.

265 2861 562 2942 HONESTAS
596 2896 640 2939 in
675 2896 881 2940 exteriori
921 2896 1039 2940 cultu
1080 2897 1235 2941 sordes
1275 2903 1409 2947 arcet,
1450 2909 1537 2940 non
1576 2910 1766 2950 pauper·

211 2994 343 3032 tatem
372 2988 443 3041 (ΙΙ,
467 2987 561 3040 72);
601 2986 677 3030 sed
712 2985 852 3029 fallaci
888 2986 1035 3040 specie
1073 3000 1126 3029 ne
1159 2986 1348 3039 decipiat
1383 2999 1463 3028 nos
1503 2984 1763 3038 cavendum,

210 3073 473 3128 praesertim
494 3073 576 3116 hoc
608 3086 756 3116 rerum
789 3078 903 3115 statu
933 3071 1023 3124 (ΙΙΙ,
1057 3071 1152 3125 294,
1185 3071 1299 3124 295),
1335 3071 1470 3114 Porro
1505 3069 1609 3113 nihil
1642 3069 1768 3113 easti-

212 3160 385 3205 moniae
420 3160 649 3203 honestate
684 3164 757 3201 aut
793 3157 1090 3211 praestantius
1129 3157 1316 3202 habetur
1355 3163 1428 3200 aut
1467 3155 1766 3200 admirabilius
