2315 3559
974 234 1064 273 soc
1688 219 1790 275 483

245 381 368 434 quasi
385 380 677 434 praetorianis
697 378 905 422 militibus
927 384 970 423 et
990 379 1123 433 regiis
1145 378 1423 422 cubiculariis
1446 379 1681 424 illustriora
1698 380 1792 424 iura

246 466 503 509 sanciuntur
524 466 574 518 (I,
607 464 718 517 155),
754 478 833 507 nec
856 463 975 507 leves
997 464 1168 518 aliquae
1190 464 1354 508 debent
1384 464 1487 508 satis
1517 478 1615 508 esse
1648 465 1794 508 velita-

244 551 403 604 tiones‚
427 551 504 594 sed
526 551 737 594 instructa
758 550 850 593 acie
872 551 1050 603 egregie
1073 550 1329 594 certandum
1351 556 1418 594 est
1436 550 1488 602 (1,
1511 549 1723 604 229-230).

301 636 344 679 30
373 636 429 680 Ut
450 635 650 680 caelestis
671 634 821 678 militia
851 635 902 688 (Ι,
934 635 1145 690 419-429),
1177 649 1263 689 quo
1298 636 1473 679 nomine
1504 641 1631 679 vocat
1664 635 1794 679 lsa'i‘as

248 722 415 765 caelum
434 721 651 764 stellatum
673 721 725 773 (Ι,
749 720 861 773 422).
886 719 1000 764 Caeli
1030 721 1157 765 huius
1177 735 1302 765 mens
1333 727 1376 765 et
1406 721 1613 776 princeps
1643 720 1797 765 motio-

248 822 351 851 num
381 807 574 851 Christus
606 807 727 851 lesus
758 807 808 860 (I,
840 808 952 857 421),
972 822 1130 852 aurora
1152 808 1288 852 Mater
1314 808 1521 861 Societas,
1546 807 1611 852 sol
1634 808 1796 851 Parens

248 899 400 936 noster
428 892 636 945 Ignatius‚
674 892 774 935 luna
811 898 854 936 et
883 892 1031 936 stellae
1063 898 1126 936 tot
1156 893 1353 936 Fratrum
1387 893 1597 947 splendor
1626 893 1798 936 virtutis

249 977 483 1031 singularis
504 978 551 1031 (Ι,
573 977 668 1031 420,
692 977 803 1031 422).
829 979 875 1021 In
898 979 978 1022 hoc
1001 978 1121 1022 caelo
1145 992 1230 1022 non
1250 979 1334 1022 sint
1356 985 1611 1023 exerrantes
1632 978 1798 1022 faculae

249 1068 292 1105 et
312 1062 437 1115 ignes
458 1062 645 1106 abortivi
662 1062 712 1116 (Ι,
732 1062 843 1115 422),
864 1069 907 1107 et
924 1063 958 1106 si
975 1062 1208 1117 aliquando
1227 1068 1423 1107 cometae
1440 1070 1670 1118 apparent,
1692 1063 1798 1107 haec

249 1148 359 1192 ratio
378 1149 545 1192 soletur
566 1149 684 1202 quod
706 1149 792 1193 sint
813 1150 907 1193 aevi
924 1149 1072 1193 brevis
1094 1149 1143 1202 (I,
1164 1149 1257 1200 420,
1277 1149 1389 1202 421).
1414 1148 1588 1194 Caelum
1610 1150 1691 1193 hoc
1712 1149 1799 1193 rui-

251 1246 350 1276 nam
373 1247 461 1276 non
484 1239 760 1287 expavescet,
794 1234 828 1277 si
859 1234 1110 1278 humilitatis
1140 1240 1303 1288 puncto
1335 1233 1560 1285 immobili,
1578 1240 1800 1288 tamquam

248 1317 349 1372 polo
379 1331 465 1371 quo
488 1318 623 1362 semel
644 1317 846 1362 libratum
869 1324 950 1371 est,
975 1319 1137 1362 nitatur
1156 1318 1206 1371 (Ι,
1221 1318 1335 1372 427).

305 1404 348 1446 40
378 1403 434 1447 Ut
457 1417 618 1457 corpus
641 1404 690 1457 (Ι,
716 1404 798 1457 74),
820 1405 984 1458 quippe
1006 1404 1128 1448 cuius
1149 1404 1368 1458 valetudo,
1389 1404 1528 1448 robur
1547 1418 1596 1448 ac
1613 1404 1803 1459 pulchri-

252 1488 356 1532 tudo
379 1489 420 1532 in
443 1489 743 1533 membrorum
768 1496 881 1534 statu
902 1490 1094 1534 resideat
1114 1491 1164 1543 (Ι,
1188 1490 1380 1540 159-162,
1401 1491 1493 1540 184,
1515 1490 1607 1534 185.
1632 1490 1683 1543 ΙΙ,
1708 1489 1800 1542 113,

248 1576 362 1630 228).

305 1662 350 1706 50
381 1662 436 1706 Ut
471 1663 594 1707 locus
630 1663 819 1708 selectus
854 1670 897 1708 et
932 1664 1095 1719 optime
1126 1665 1323 1709 excultus
1362 1665 1405 1708 in
1440 1678 1546 1718 agro
1582 1664 1803 1709 Ecclesiae

251 1748 300 1800 (Ι,
322 1748 433 1802 178).

305 1834 349 1877 60
380 1833 436 1878 Ut
457 1835 587 1878 vinea
608 1835 779 1879 Domini
801 1835 850 1888 (I,
870 1835 967 1889 279)
990 1836 1128 1881 electa
1158 1837 1228 1890 (11,
1253 1837 1365 1891 110),
1390 1837 1611 1891 quondam
1633 1836 1805 1880 novella

254 1919 303 1972 (Ι,
330 1920 399 1973 49)
422 1920 506 1963 iam
529 1921 769 1965 extendens
799 1921 1000 1975 palmites
1021 1936 1163 1976 usque
1194 1922 1245 1966 ad
1276 1936 1397 1966 mare
1419 1922 1468 1976 (Ι,
1488 1922 1580 1975 55);
1605 1922 1681 1966 sed
1703 1935 1806 1966 con-

254 2005 336 2050 sita
351 2011 399 2049 ut
420 2005 569 2049 vinum
591 2006 819 2060 copiosum
836 2007 989 2050 fundat
1005 2007 1054 2061 (Ι,
1070 2007 1139 2060 71)
1157 2014 1200 2051 et
1214 2008 1361 2052 futura
1376 2013 1424 2052 ut
1438 2022 1624 2061 granum
1642 2007 1806 2061 sinapis

253 2089 288 2133 si
310 2097 492 2135 cavetur
512 2091 566 2135 ab
588 2092 762 2136 inimica
779 2092 939 2135 zizania
956 2093 1006 2146 (Ι,
1025 2093 1094 2146 56)
1112 2098 1155 2137 et
1172 2093 1438 2147 exstirpatur
1452 2093 1600 2137 lolium
1621 2093 1672 2146 (Ι,
1692 2093 1801 2145 150).

307 2176 349 2219 70
371 2175 426 2220 Ut
446 2177 569 2221 navis
591 2177 641 2229 (1,
662 2177 730 2229 75)
752 2177 821 2220 vel
838 2177 994 2232 cymba
1011 2178 1079 2230 (ΙΙ,
1095 2178 1206 2231 397),
1222 2178 1425 2222 fluctibus
1447 2179 1602 2222 iactata
1621 2178 1692 2231 (ΙΙ,
1707 2177 1803 2229 345,

252 2260 363 2314 437),
384 2262 427 2305 in
451 2276 537 2316 qua
570 2262 699 2305 validi
735 2262 926 2316 remiges
962 2263 1187 2307 naviculae
1224 2263 1338 2307 Petri
1373 2263 1441 2317 (II,
1475 2264 1569 2314 404,
1606 2264 1718 2317 441),
1751 2264 1804 2308 ad

255 2347 575 2401 enavigandum
599 2348 762 2391 cibaria
784 2348 864 2391 sibi
886 2362 1043 2402 parare
1065 2349 1228 2393 debent
1248 2363 1299 2393 ex
1322 2349 1540 2393 Bethleem
1571 2349 1622 2402 (Ι,
1644 2350 1730 2403 59),
1763 2356 1806 2394 et

253 2432 491 2476 concordia
510 2446 694 2487 prorsus
718 2434 968 2477 necessaria
990 2440 1056 2477 est
1076 2434 1145 2487 (ΙΙ,
1170 2433 1265 2486 439,
1288 2434 1399 2487 440).

307 2518 351 2561 80
380 2517 436 2561 Ut
452 2532 639 2571 regnum
662 2518 900 2561 concordia
920 2519 1181 2563 firmandum
1203 2519 1253 2572 (Ι,
1285 2518 1371 2562 173.
1396 2518 1448 2570 ΙΙ,
1475 2519 1581 2572 109),
1601 2520 1665 2563 vel
1689 2520 1806 2564 Iern-

255 2604 389 2647 salem
412 2617 524 2657 quae
545 2604 799 2647 aedificatur
820 2610 866 2647 ut
886 2604 1037 2647 civitas
1058 2604 1129 2657 (ΙΙ,
1157 2605 1264 2657 119).

307 2688 351 2731 90
380 2687 436 2732 Ut
475 2688 718 2732 aedificium
749 2702 970 2741 magnum,
1000 2689 1338 2742 exquisitissima
1373 2689 1664 2734 architectura
1694 2690 1805 2734 desi-

255 2779 434 2827 gnatum
469 2774 519 2826 (Ι,
554 2774 644 2823 199,
678 2773 790 2825 200),
830 2773 897 2817 vel
938 2774 1093 2817 domus
1132 2774 1374 2818 Salomonis
1413 2776 1582 2829 pacifici
1621 2789 1804 2820 movens

256 2858 588 2902 admirationem
611 2859 791 2912 reginae
808 2859 916 2903 Saba
938 2859 987 2911 (Ι,
1009 2859 1091 2912 75),
1112 2860 1181 2903 vel
1202 2860 1411 2914 templum
1430 2860 1547 2914 quod
1564 2861 1806 2905 aedificavit

255 2944 457 2988 Salomon
485 2944 651 2987 nomini
682 2943 852 2987 Domini
874 2944 943 2996 (ΙΙ,
973 2945 1079 2996 180),
1110 2951 1153 2988 et
1172 2945 1407 2989 Architecti
1436 2946 1501 2989 sui
1530 2959 1690 2989 nomen
1721 2946 1804 2990 alte

254 3029 480 3082 refulgens
500 3029 655 3083 procul
678 3035 868 3073 ostentat
895 3029 966 3081 (ll,
1004 3029 1109 3082 102).
1147 3030 1281 3074 lluius
1303 3037 1550 3075 structurae
1581 3031 1805 3085 exemplar

253 3115 497 3168 perfectum
519 3114 703 3167 Spiritus
725 3114 906 3157 Sanctus
934 3114 1060 3158 beato
1095 3115 1206 3158 Patri
1238 3123 1389 3159 nostro
1422 3116 1613 3160 ostendit
1642 3116 1693 3169 (Ι,
1716 3116 1802 3169 92),

256 3199 329 3252 qui
351 3199 444 3243 eius
465 3199 652 3253 partium
682 3199 1037 3252 descriptionem,
1068 3200 1307 3253 posituram
1339 3206 1382 3244 et
1408 3200 1548 3244 lucem
1571 3201 1806 3245 delineavit
