2315 3559
831 227 924 266 PEc
950 241 1007 249 -—
1037 227 1136 265 PER
1655 210 1754 265 467

213 376 405 420 caritatis
427 375 478 428 (Ι,
503 375 594 427 174,
616 374 709 426 175,
727 372 820 416 291.
841 371 893 425 ΙΙ,
913 372 1006 424 119,
1031 371 1140 424 120),
1162 370 1484 415 observationis
1505 370 1755 424 regularum

205 462 257 514 (Ι,
281 462 348 515 91,
370 461 436 505 92.
461 461 521 505 Cf.
547 461 598 513 ΙΙ,
621 459 734 511 468),
756 457 1027 512 paupertatis
1053 457 1123 509 (ΙΙ,
1147 457 1233 509 54),
1257 462 1300 500 et
1319 456 1581 510 praesertim
1611 457 1755 500 crucis

207 546 369 590 amoris
400 546 472 598 (ΙΙ,
494 545 585 595 454,
607 544 700 587 474.
736 542 807 594 ΙΙΙ,
839 541 932 595 113,
972 543 1061 593 114,
1091 542 1204 594 240),
1235 542 1288 584 ad
1322 540 1568 595 exemplum
1600 540 1755 584 Christi

206 630 377 674 Domini
398 631 449 684 (Ι,
472 629 537 680 65,
557 629 651 673 211.
676 628 728 681 ΙΙ,
750 627 964 679 460-468).

264 716 348 760 Pax
369 722 413 760 et
433 714 725 769 tranquillitas
757 713 978 768 quomodo
1010 713 1052 756 in
1076 712 1268 757 externis
1301 711 1546 756 actionibus
1575 712 1759 756 retineri

205 802 346 857 possit
365 801 414 854 (Ι,
433 800 528 853 208,
551 799 667 853 209).

261 918 502 962 PECCATA
533 916 651 961 omni
682 916 906 970 diligentia
938 916 1126 966 vitanda,
1158 929 1246 959 non
1280 915 1419 959 solum
1451 914 1653 959 mortalia
1684 915 1761 959 sed

207 1003 337 1046 etiam
358 1001 545 1046 venialia
565 1001 614 1054 (Ι,
635 1000 732 1053 319)
757 1015 765 1053 ;
801 1014 946 1054 neque
979 1000 1135 1044 leviter
1155 999 1341 1043 venialia
1369 999 1639 1043 aestimanda
1661 1006 1763 1043 sunt

208 1093 252 1131 et
272 1086 481 1139 cavenda,
507 1086 665 1141 quibus
687 1086 734 1129 fit
752 1091 800 1129 ut
820 1086 1031 1138 actiones,
1057 1099 1169 1139 quae
1189 1084 1438 1128 huiusmodi
1469 1084 1647 1136 fuerint,
1674 1098 1761 1128 non

209 1171 382 1225 possint
401 1171 584 1215 tendere
606 1170 658 1214 ad
681 1169 818 1213 Deum
841 1169 891 1221 (Ι,
915 1168 1009 1222 320,
1027 1168 1139 1222 321).
1167 1168 1339 1213 Utinam
1368 1169 1589 1213 interdum
1618 1169 1764 1212 divina

210 1257 411 1302 Maiestas
433 1256 566 1300 nihilo
588 1256 727 1310 magis
750 1269 879 1310 quam
911 1255 1068 1299 leviter
1096 1255 1296 1299 laedatur
1323 1254 1567 1298 defectibus
1587 1255 1763 1308 linguae

211 1342 261 1395 (Ι,
282 1341 404 1395 384)Ι
428 1341 511 1386 Sed
540 1347 657 1395 esto;
693 1341 912 1385 neminem
945 1340 1088 1384 dentis
1121 1340 1347 1394 depravati
1378 1340 1528 1383 vitium
1561 1340 1766 1383 admovet

211 1429 357 1482 morti,
406 1428 662 1482 magnitudo
711 1434 855 1471 tamen
906 1427 1126 1471 cruciatus
1181 1432 1431 1480 gementem
1480 1427 1766 1470 vehementer

212 1514 333 1568 angit
362 1513 431 1564 (ΙΙ,
461 1514 555 1567 141,
592 1513 698 1565 142).
734 1513 902 1565 Quanta
932 1512 1116 1556 deberet
1145 1526 1243 1556 esse
1274 1512 1317 1555 in
1349 1512 1553 1556 omnibus
1584 1512 1711 1556 nobis
1743 1525 1767 1555 a

211 1599 452 1644 levioribus
481 1600 610 1644 etiam
642 1598 781 1653 culpis
809 1598 1045 1642 mundities
1074 1597 1142 1650 (ΙΙ,
1170 1597 1264 1648 338,
1294 1596 1406 1650 339),
1427 1597 1619 1641 cuiusvis
1650 1597 1767 1642 labe-

214 1685 337 1729 culae
354 1699 512 1739 expers
528 1684 576 1738 (Ι,
589 1683 701 1737 423),
722 1684 757 1728 si
775 1697 952 1737 semper
971 1697 1120 1727 coram
1141 1682 1388 1737 purissimis
1410 1696 1459 1726 ac
1480 1682 1767 1726 lucidioribus

213 1785 349 1825 super
370 1771 506 1815 solem
529 1770 666 1814 oculis
688 1769 765 1813 Dei
787 1768 1110 1813 ambularemus
1132 1768 1184 1822 (Ι,
1199 1767 1470 1821 30711338).
1497 1768 1613 1812 Haec
1634 1768 1766 1811 animi

215 1857 384 1912 puritas
432 1855 629 1910 diligenti
678 1855 875 1899 examine
916 1861 959 1898 et
998 1860 1202 1898 accurato
1251 1853 1404 1898 labore
1452 1854 1768 1907 consequenda

214 1942 343 1986 nobis
373 1941 423 1996 (I,
448 1941 545 1994 331)
576 1947 619 1985 et
648 1940 936 1985 custodienda
971 1946 1038 1984 est
1067 1954 1117 1983 ex
1152 1939 1307 1993 regula
1340 1940 1390 1993 (Ι,
1410 1938 1522 1992 241),
1551 1946 1599 1983 ut
1633 1939 1767 1983 decus

213 2027 440 2072 Societatis
454 2033 658 2071 tueamur
669 2025 1036 2080 (ΙΙ,284.ΙΙΙ,203).
1052 2025 1206 2069 Cetera
1218 2025 1308 2069 vid.
1325 2026 1592 2080 Renovatio,
1606 2025 1765 2080 Tepor.

269 2132 578 2183 PERFEGTIO,
599 2132 701 2176 licet
721 2132 775 2175 ab
798 2131 1001 2175 omnibus
1028 2145 1110 2186 par
1132 2131 1426 2185 exspectanda
1453 2138 1526 2175 aut
1556 2130 1769 2184 exigenda

216 2232 305 2262 non
338 2219 407 2270 sit,
432 2232 616 2263 necesse
648 2225 793 2262 tamen
816 2224 882 2261 est
902 2224 949 2261 ut
969 2217 1022 2260 ad
1055 2217 1282 2271 egregium
1317 2217 1566 2270 quempiam
1598 2216 1769 2271 perfec-

215 2304 347 2349 tionis
369 2303 553 2358 gradum
574 2303 880 2357 unusquisque
903 2303 1067 2356 aspiret
1089 2303 1158 2353 (ΙΙ,
1182 2301 1276 2353 282,
1296 2301 1408 2355 283),
1433 2315 1514 2345 nec
1537 2302 1768 2355 quisquam

216 2390 332 2435 inter
353 2404 434 2433 nos
457 2389 642 2443 quadam
664 2388 965 2432 mediocritate
987 2388 1159 2432 virtutis
1182 2394 1416 2432 contentus
1437 2388 1553 2431 vivat
1568 2387 1639 2439 (ΙΙ,
1657 2386 1768 2438 338);

217 2490 315 2520 cum
355 2474 582 2519 Societatis
623 2474 890 2526 Institutum,
926 2474 1083 2516 modus
1123 2473 1415 2526 gubernandi,
1457 2472 1770 2526 occupationes

218 2576 267 2606 ac
297 2561 541 2605 ministeria
581 2560 758 2604 fundata
796 2560 882 2603 sint
910 2559 954 2603 in
983 2559 1258 2612 perfectione
1290 2559 1467 2602 minime
1500 2559 1668 2612 vulgari
1699 2564 1773 2602 aut

221 2645 485 2702 superficiali
507 2646 555 2699 (Ι,
578 2645 670 2699 186,
696 2646 808 2697 187),
832 2644 909 2688 sed
932 2644 1087 2688 eximia
1107 2644 1157 2697 (Ι,
1181 2643 1220 2688 3.
1246 2644 1317 2697 ΙΙΙ,
1341 2645 1426 2697 41).

273 2733 428 2777 Cetera
448 2731 538 2776 vid.
562 2732 828 2788 Abnegatio,
849 2731 1032 2783 Fervor,
1056 2731 1178 2775 Pinis
1200 2730 1458 2786 Societatis,
1479 2730 1680 2775 Vocatio.

273 2847 674 2893 PERFECTIONES
703 2846 928 2890 DIVINAE
957 2846 1215 2890 innumerae
1247 2852 1348 2889 sunt
1377 2846 1418 2889 in
1451 2845 1773 2900 simplicissima

222 2934 299 2978 Dei
330 2940 486 2978 natura
514 2933 564 2986 (Ι,
597 2932 710 2986 306),
744 2947 929 2987 quarum
961 2939 1125 2976 attenta
1155 2939 1198 2976 et
1226 2932 1446 2986 profunda
1476 2931 1770 2976 consideratio

223 3033 312 3063 non
344 3018 541 3072 vulgaria
572 3018 751 3071 spiritus
782 3017 903 3061 lucra
935 3017 1088 3061 afferet
1118 3017 1168 3070 (Ι,
1188 3016 1302 3070 324),
1323 3017 1454 3060 modo
1477 3030 1532 3060 ne
1566 3016 1639 3070 qui
1671 3016 1773 3060 alio-

222 3120 320 3149 rum
351 3118 501 3148 curam
532 3104 658 3157 gerit,
688 3103 771 3147 alta
810 3110 982 3157 petens,
1014 3103 1313 3156 proximorum
1355 3103 1527 3146 infirma
1562 3102 1773 3156 despiciat

222 3189 294 3242 (ΙΙ,
318 3189 409 3238 170,
431 3189 540 3240 171).
