2315 3559
536 204 640 261 374
968 225 1288 264 SUMMARIUM
1328 225 1691 265 EPISTOLARUM

647 368 693 414 3ο
713 369 924 415 obscurat
943 369 1111 415 bonum
1137 369 1366 416 Societatis
1390 384 1575 425 nomen;
1599 372 1643 415 4⁰
1658 371 1703 416 in
1725 377 1927 427 apertum
1954 373 2106 418 discri-

646 470 750 501 men
781 455 959 501 adducit
988 456 1274 510 Societatem3
1298 456 1343 501 50
1363 462 1432 501 est
1460 456 1707 502 certissima
1733 457 1888 513 pestis,
1911 463 1955 503 et
1983 472 2105 504 mors

647 542 863 596 caritatis3
887 542 957 586 cui
977 542 1165 586 maxime
1187 548 1319 587 nocet
1339 543 1584 588 nationales
1607 543 1767 589 ceteris
1783 544 2028 599 praeferre.

538 629 606 673 15.
631 629 680 673 In
701 628 884 673 caritate
906 642 1013 673 vera
1031 643 1131 683 pax.

538 715 605 759 16.
631 715 753 759 Hanc
774 714 909 769 igitur
928 714 1059 759 unice
1080 728 1293 759 amemus.

538 802 606 846 17.
630 801 769 854 Quam
787 815 877 845 non
899 800 1052 845 dividit
1067 801 1274 846 distantia
1292 801 1507 847 locorum.

537 887 603 932 18.
627 887 724 932 Non
744 887 827 932 fuit
846 886 1098 941 nationalis‚
1115 901 1199 932 nec
1220 887 1507 942 provincialis
1525 888 1707 943 spiritus
1727 888 1769 933 S.
1791 889 1835 933 P.
1860 889 1909 934 N.

539 973 604 1018 19.
629 973 717 1018 Nec
752 972 938 1018 aliorum
972 972 1220 1028 primorum
1255 973 1485 1019 Societatis
1519 974 1711 1029 Patrum,
1749 981 1862 1021 teste
1896 976 1941 1020 P.
1980 976 2106 1022 Riba-

648 1060 845 1105 deneira.

537 1145 678 1192 20-23.
702 1145 950 1191 Conclusio.
976 1145 1134 1191 Odium
1157 1146 1372 1191 adversus
1399 1152 1487 1191 tam
1508 1147 1749 1202 malignum
1773 1148 1991 1204 spiritum,
2015 1162 2107 1194 non

648 1232 732 1278 sibi
764 1238 933 1278 tantum
967 1232 1287 1288 instillandum,
1312 1233 1390 1278 sed
1426 1234 1523 1279 aliis
1561 1249 1740 1290 quoque
1762 1236 1968 1281 omnibus
1990 1249 2107 1281 com-

646 1319 962 1365 municandum
987 1333 997 1363 z
1021 1319 1140 1374 quod
1163 1325 1316 1365 nostra
1336 1320 1508 1365 vocatio
1530 1321 1733 1375 requirit.

540 1515 898 1576 EPISTOLA
943 1516 1011 1575 R.
1064 1516 1129 1574 P.
1185 1519 1254 1573 N.
1309 1516 1507 1575 IOAN.
1568 1518 1782 1576 PAUL.
1840 1518 2105 1577 OLIVAE

628 1674 696 1713 AD
723 1674 919 1714 PATRES
945 1675 1009 1713 Er
1036 1674 1268 1714 FRATRES
1295 1674 1612 1725 soclETArls,
1643 1658 1676 1715 8
1702 1667 1836 1729 sept.
1866 1659 2003 1715 1666

1030 1789 1107 1845 De
1128 1790 1546 1859 informationib
1557 1809 1616 1845 us

974 1909 1147 1979 (Tom.
1179 1911 1245 1978 ΙΙ,
1276 1928 1366 1980 pp.
1397 1909 1672 1980 128-158.)

567 2063 608 2107 1.
648 2062 735 2108 Cur
755 2061 954 2107 scribere
976 2060 1211 2106 distulerit.

564 2149 650 2195 2-3.
676 2149 999 2205 Argumentum
1035 2148 1250 2204 epistolae
1283 2163 1292 2192 :
1327 2149 1572 2195 necessitas
1606 2149 1800 2195 fidelium
1834 2150 2108 2195 informatio-

649 2250 755 2281 num
786 2234 840 2280 de
870 2234 1008 2280 Sociis
1029 2234 1084 2279 ad
1107 2234 1293 2290 gradum
1314 2235 1385 2280 vel
1407 2235 1461 2280 ad
1481 2236 1631 2281 munia
1660 2236 1979 2292 provehendis,
2001 2236 2107 2282 utile

650 2338 741 2370 non
760 2323 1125 2369 informatoribus
1145 2329 1332 2379 tantum,
1356 2324 1434 2369 sed
1454 2324 1588 2380 plane
1610 2324 1829 2371 omnibus.

565 2411 651 2458 4-5.
695 2410 908 2456 Iudicium
938 2410 1173 2455 ferendum
1208 2411 1454 2456 secundum
1489 2411 1737 2466 veritatem,
1769 2411 1958 2457 exclusis
1979 2411 2108 2458 affec-

648 2495 781 2550 tibus,
820 2495 1022 2551 exemplo
1053 2495 1226 2541 Christi.
1260 2496 1399 2541 Huius
1440 2496 1647 2551 neglectu
1681 2497 1909 2542 doctrinae
1946 2497 2106 2544 Pilatus

649 2582 868 2628 Christum
898 2581 1127 2637 crucifixit,
1151 2588 1195 2628 et
1214 2596 1371 2627 rursus
1400 2581 1446 2627 in
1475 2582 1689 2628 membris
1719 2583 1813 2628 eius
1844 2583 2109 2639 crucifigunt

649 2668 854 2725 perversi
874 2668 1059 2714 iudices.

566 2755 607 2802 6.
649 2755 785 2800 Recta
805 2754 860 2799 de
883 2753 1014 2799 sociis
1035 2754 1197 2800 iudicia
1218 2768 1373 2800 omnes
1396 2754 1684 2800 stimulabunt
1704 2755 1758 2800 ad
1780 2755 2105 2810 assequendam

649 2840 987 2898 perfectionem.

568 2930 608 2974 7.
650 2927 775 2974 Recti
817 2926 965 2972 iudicii
998 2927 1235 2983 peculiaris
1271 2928 1514 2974 necessitas
1547 2927 1593 2973 in
1626 2927 2013 2974 informationibus
2051 2928 2105 2973 ad

650 3014 852 3071 gradum.

567 3103 607 3148 8.
650 3100 875 3147 Pernicies
896 3115 948 3146 ex
969 3100 1175 3146 convictu
1196 3115 1295 3146 cum
1319 3101 1535 3147 Professis
1556 3101 1738 3157 indigne
1760 3101 1977 3147 admissis.

568 3189 610 3235 9.
652 3189 814 3236 Rectae
834 3188 1170 3234 informationes
1201 3188 1513 3234 admissionem
1541 3188 1691 3235 talium
1721 3189 1775 3234 ad
1797 3188 2104 3235 Professorum
