2315 3559
500 223 547 262 R.
593 225 637 262 r.
681 225 732 262 N.
775 224 981 263 cLAuml
1020 226 1311 272 AQUAVIVAE
1573 215 1675 270 353

122 366 259 409 12-13.
284 367 479 411 Alterum
500 368 722 421 :cogitare
754 369 928 422 quantis
958 368 1184 413 beneficiis
1207 369 1295 414 Deo
1319 370 1670 426 obstringamur;

118 1644 184 1688 18.

122 1815 183 1859 19.

115 3070 159 3114 ῳ

228 458 415 505 propter
449 465 560 506 quae
595 453 756 506 iugiter
784 454 984 507 urgenda
1019 455 1073 499 sit
1112 455 1341 499 renovatio
1374 456 1556 509 spiritus
1589 472 1598 500 :
1632 464 1674 501 et

228 550 386 580 revera
403 537 501 590 quis
519 551 606 581 non
628 544 872 591 moveatur,
898 539 971 592 qui
995 553 1046 583 ea
1067 539 1280 584 beneficia
1300 541 1548 594 recogitet?
1570 541 1674 593 Quis

229 627 367 665 totum
390 636 437 666 se
453 622 542 666 Deo
561 636 650 666 non
667 623 842 667 tradat‘.>

177 740 185 748 .
228 704 347 757 Quae
383 706 418 750 si
449 720 537 750 non
574 706 844 761 obtinentur,
876 708 1020 752 anima
1053 710 1209 753 merito
1248 710 1424 764 sterilis,
1461 724 1593 754 avara
1632 718 1675 755 et

227 790 399 843 ingrata
419 791 608 845 dicetur;
633 799 677 836 et
698 792 875 846 quidem
897 807 948 837 eo
971 794 1150 848 rectius,
1184 808 1270 849 quo
1300 795 1446 840 minus
1465 810 1673 849 umquam

226 875 390 928 poterit
409 876 685 930 respondere
708 878 845 921 amori
868 877 959 922 Dei.

226 960 420 1005 Tertium
441 962 723 1006 :meminisse
740 962 921 1008 brevem
940 978 1038 1009 esse
1059 965 1188 1009 huius
1205 966 1318 1010 vitae
1340 980 1534 1011 cursum.

228 1045 438 1098 Quartum
464 1062 595 1092 :sese
631 1049 716 1092 cito
748 1049 981 1103 accingere
1017 1051 1070 1094 ad
1101 1051 1371 1106 colligendas
1406 1067 1478 1097 res
1515 1053 1674 1108 quibus

227 1145 428 1177 caremus
453 1147 461 1176 ε
487 1133 588 1187 quia
609 1134 721 1178 sicut
741 1142 858 1179 artes
888 1143 930 1180 et
961 1136 1151 1190 divitiae,
1180 1137 1238 1181 ita
1259 1138 1444 1182 virtutes
1466 1140 1673 1183 exercitio

226 1218 529 1272 acquiruntur.
564 1219 690 1264 L'nde
720 1220 829 1264 lucri
862 1221 1100 1275 spiritualis
1131 1224 1388 1268 occasiones
1421 1238 1509 1269 non
1532 1225 1675 1270 dimit-

226 1310 383 1347 tamus.

174 1424 182 1431 .
226 1388 432 1440 Quintum
453 1404 462 1432 :
482 1404 639 1434 cavere
658 1405 712 1434 ne
728 1391 855 1445 lapsu
871 1393 1083 1446 temporis
1101 1401 1444 1448 corrumpantur
1459 1396 1670 1440 actiones.

227 1474 345 1526 Quae
362 1474 615 1519 humilitatis
630 1477 852 1530 praesidio
867 1478 1181 1523 custodiendae
1196 1485 1297 1523 sunt
1310 1494 1451 1534 usque
1465 1481 1508 1525 in
1524 1482 1671 1526 tinem.

226 1559 278 1602 Et
297 1560 356 1603 ita
376 1560 418 1603 in
442 1561 698 1605 renovanda
718 1562 806 1606 vita
826 1570 1042 1617 perpetuo
1067 1578 1312 1609 versemur.

225 1648 260 1688 A
291 1646 547 1691 renovando
584 1647 740 1701 spiritu
769 1648 1044 1693 infirmitates
1080 1664 1161 1694 nos
1197 1664 1285 1694 non
1316 1657 1535 1705 terreant;
1570 1666 1672 1706 spes

227 1730 271 1773 in
294 1729 431 1774 Deum
454 1745 534 1775 nos
557 1732 712 1786 erigat.

225 1815 282 1860 Ut
302 1823 446 1860 autem
468 1817 693 1862 ardentius
714 1826 957 1864 renovetur
987 1821 1182 1875 spiritus,
1214 1821 1396 1866 indulsit
1426 1822 1556 1877 Greg.
1580 1823 1674 1867 XIII

227 1901 466 1947 IuhiIaeum
487 1904 565 1948 toti
592 1904 816 1958 Societati;
851 1919 938 1959 quo
970 1906 1122 1951 sedulo
1153 1908 1440 1962 perfruantur
1458 1909 1671 1954 universi.

226 2071 315 2125 III.
357 2087 423 2125 AD
462 2087 541 2125 PP.
584 2089 648 2126 ET
686 2089 765 2127 FF.
809 2089 1124 2142 ΞΟΕΙΕΤΑΤΙΞ,
1165 2075 1233 2129 19
1272 2076 1400 2130 maii
1438 2075 1573 2131 1586

281 2202 356 2256 De
381 2203 558 2257 studio
578 2204 924 2272 perfectionis
949 2211 998 2259 et
1022 2206 1245 2261 caritate
1270 2206 1515 2275 fraterna

560 2321 730 2388 (Tom.
763 2323 802 2389 I,
833 2341 921 2391 pp.
952 2323 1224 2390 149-183.)

173 2505 182 2513 .
225 2470 319 2524 lugi
347 2470 540 2516 sollertia
570 2472 825 2517 enitendum
861 2480 928 2518 est
957 2474 1010 2517 ad
1039 2474 1374 2528 perfectionem,
1408 2489 1508 2519 cum
1538 2475 1591 2519 ab
1623 2489 1674 2520 ea

224 2556 386 2610 iugiter
419 2557 711 2611 retrahamur,
748 2564 791 2602 et
825 2572 1003 2614 semper
1036 2560 1199 2604 veteris
1235 2560 1400 2604 erroris
1435 2560 1597 2614 aliquid
1628 2561 1672 2605 in

225 2641 354 2686 nobis
370 2650 597 2688 remaneat
607 2659 617 2697 ;
641 2650 689 2688 ut
708 2645 802 2688 fere
825 2644 953 2690 docet
982 2645 1022 2690 S.
1057 2645 1187 2700 Greg.
1212 2646 1310 2691 Naz.
1335 2647 1379 2691 in
1409 2647 1593 2702 Apolog.
1620 2648 1672 2692 ad

223 2727 411 2772 Patrem.

225 2813 318 2858 Duo
340 2815 408 2858 hic
431 2815 558 2859 nobis
586 2816 864 2861 commendat
884 2817 1244 2872 religiosissimus
1266 2819 1395 2864 Pater
1414 2833 1422 2863 :
1442 2819 1602 2873 Unum,
1625 2826 1672 2864 ut

225 2914 272 2944 se
305 2901 493 2955 quisque
528 2901 618 2945 Deo
652 2908 744 2946 tota
771 2909 919 2947 mente
961 2904 1190 2959 devoveat,
1232 2905 1337 2949 nihil
1370 2905 1416 2949 in
1451 2919 1498 2950 se
1532 2919 1670 2950 vanae

225 2986 474 3040 cupiditatis
490 2987 688 3031 retinens
707 3001 717 3040 ;
742 2988 816 3042 qui
833 2988 948 3032 enim
967 3003 1094 3034 secus
1117 2997 1253 3044 agunt
1266 2991 1587 3045 periclitantur.

192 3107 200 3114 .
224 3071 436 3126 Alterum,
467 3078 515 3116 ut
545 3072 733 3127 quisque
763 3080 915 3118 caveat
943 3088 999 3118 ne
1027 3075 1228 3129 pondere
1259 3082 1441 3120 naturae
1471 3076 1523 3119 ad
1553 3076 1671 3120 dete-

224 3158 344 3201 riora
364 3158 580 3203 deflectat.
604 3157 819 3211 Quocirca
844 3160 1039 3204 attendat
1060 3174 1260 3205 severam
1283 3162 1335 3206 de
1357 3162 1548 3216 acceptis
1570 3175 1669 3206 esse

224 3248 354 3292 ΤοΜΕ
384 3248 452 3293 lv.
1505 3249 1558 3295 ⁶23
