2315 3559
549 215 650 270 2622
723 232 972 272 EPISTOLA
1011 234 1058 272 R.
1104 235 1149 273 P.
1192 235 1243 273 N.
1286 234 1405 274 ANT.
1455 235 1579 275 MAR.
1627 236 1933 278 ANDERLEDY

552 380 629 434 vel
682 380 1059 448 necessariam,
1126 382 1208 435 vel
1272 382 1425 437 valde
1487 382 1674 438 utilem
1731 400 2106 454 exsequamur.

550 478 700 542 Quod
741 479 785 534 si
824 480 1131 548 contigerit,
1179 488 1238 535 ut
1281 481 1347 536 de
1393 481 1509 537 viae
1571 484 1876 552 sumptibus
1931 504 2112 541 neces-

550 579 704 633 sariis
767 587 845 634 est
911 579 1330 649 providendum,
1396 581 1469 637 ita
1530 582 1739 638 itineris
1807 585 2109 641 subsidium

549 698 642 734 seu
702 680 955 734 viaticum
1012 681 1146 735 adeo
1203 682 1416 749 largum
1460 701 1519 738 ac
1574 683 1796 739 liberale
1840 703 1955 741 esse
2003 704 2111 742 non

550 780 725 848 debet,
774 788 831 834 ut
898 798 992 849 per
1041 780 1296 836 circuitus
1353 790 1405 837 et
1459 783 1714 851 ambages
1776 786 2111 854 peregrinari

549 880 670 949 quis
716 879 902 948 possit,
945 881 1027 935 vel
1078 880 1281 936 diutius
1338 900 1503 951 quam
1559 902 1657 953 par
1710 893 1790 940 est
1839 885 2024 942 abesse
2079 905 2109 941 a

549 981 711 1035 domo
769 981 849 1034 vel
895 980 1141 1049 collegio,
1195 982 1280 1036 cui
1332 982 1597 1039 destinata
1658 993 1710 1039 et
1764 985 1979 1041 addicta
2035 995 2113 1042 est

550 1081 663 1136 eius
703 1098 883 1149 opera.
928 1081 1022 1136 Via
1060 1082 1206 1137 enim
1246 1092 1390 1138 recta
1447 1101 1527 1153 θο,
1577 1103 1685 1154 quo
1737 1086 2112 1156 unusquisque

550 1180 783 1247 iubetur,
843 1181 1081 1235 eundum
1144 1188 1240 1236 θεῖ.
1314 1182 1580 1238 Redeunti
1641 1192 1822 1240 autem
1878 1186 1944 1240 de
2004 1185 2109 1254 via,

550 1288 865 1348 sumptuum
924 1281 1061 1335 ratio
1123 1289 1203 1336 est
1263 1282 1538 1339 reddenda
1599 1283 1675 1338 illi
1743 1303 1906 1354 quem
1975 1285 2113 1341 desi—

549 1380 797 1447 gnaverit
839 1380 1113 1449 Superior.

618 1481 767 1545 Quod
832 1481 978 1536 idem
1031 1483 1097 1537 ad
1160 1483 1293 1538 alios
1349 1500 1568 1553 quoque
1624 1492 1844 1553 spectat.
1906 1485 2116 1542 Habent

550 1583 695 1637 enim
741 1583 1027 1637 commoda
1071 1591 1288 1639 nostrae
1333 1584 1522 1639 aetatis
1579 1584 1708 1640 illud
1757 1585 2110 1655 incommodi,

550 1683 689 1738 utin
729 1683 863 1752 ipsa,
906 1683 960 1738 in
1005 1702 1112 1753 qua
1150 1686 1333 1741 sedem
1374 1693 1426 1740 et
1462 1685 1801 1741 domicilium
1828 1687 2110 1757 habemus,

549 1783 785 1852 civitate,
834 1801 942 1840 non
993 1802 1226 1855 semper,
1279 1794 1338 1840 ut
1400 1786 1549 1855 olim,
1598 1787 1875 1842 ambulent
1931 1789 2110 1845 Nostri

551 1893 602 1940 et
646 1884 747 1940 iter
793 1885 992 1940 faciant
1034 1886 1282 1954 pedibUS,
1336 1887 1428 1941 sed
1486 1887 1734 1942 curribus
1784 1898 2110 1958 assuescant,

551 2003 609 2040 ac
671 1992 957 2054 propterea
1018 1986 1160 2054 apud
1222 2004 1277 2041 se
1345 1986 1611 2042 retineant
1671 1988 1974 2057 pecuniam.
2039 1990 2117 2046 Ne

552 2085 719 2153 igitur
752 2085 847 2154 qui
886 2085 953 2140 ab
992 2086 1277 2142 incedendi
1321 2094 1517 2142 conatu
1555 2105 1611 2143 se
1638 2087 1926 2158 abstinent,
1951 2088 2114 2145 etiam

550 2193 736 2241 contra
798 2188 1041 2255 regulam
1104 2187 1392 2257 septimam
1455 2189 1829 2245 communium
1897 2190 2111 2260 saciant,

551 2304 673 2341 cum
719 2286 1073 2354 egrediuntur
1121 2288 1304 2355 dom0,
1357 2305 1610 2344 nummos
1667 2308 1697 2345 a
1746 2289 1976 2347 ianitore
2032 2292 2114 2347 vel

551 2387 617 2442 ab
671 2385 796 2455 alio,
844 2405 1007 2456 quem
1069 2388 1436 2457 designaverit
1501 2388 1774 2458 Superior,
1827 2389 2110 2460 accipiant,

551 2486 635 2541 cui
675 2494 796 2555 post
834 2487 1089 2555 reditum,
1120 2488 1266 2556 quod
1305 2489 1651 2558 superfuerit,
1693 2490 1936 2546 reddant.
1978 2489 2114 2545 Iani-

550 2594 635 2641 tor
692 2603 818 2640 vero
881 2587 963 2641 vel
1031 2586 1138 2655 ille,
1197 2587 1282 2641 cui
1340 2588 1585 2643 restituta
1645 2588 1809 2645 fuerit
1863 2590 2110 2659 pecunia,

551 2685 827 2755 Superiori
873 2686 1138 2742 rationem
1190 2689 1403 2744 referat.

620 2786 696 2840 Ne
750 2793 931 2840 autem
988 2786 1119 2842 haec
1163 2788 1457 2844 rhedarum
1507 2796 1559 2844 et
1613 2805 1871 2844 curruum
1916 2806 2112 2859 oppor-

552 2886 753 2941 tunitas
803 2886 979 2942 obstet
1033 2895 1246 2943 sanctae
1301 2889 1367 2945 de
1417 2888 1566 2945 socio
1615 2906 1799 2945 secum
1859 2889 2107 2946 habendo

552 2987 789 3054 regulae,
867 2986 1030 3041 etiam
1106 2987 1210 3042 illis
1273 2989 1367 3057 qui
1435 2988 1696 3044 vehiculis
1759 3006 1855 3058 per
1914 2989 2107 3045 urbem

552 3094 793 3151 utuntur,
853 3086 1037 3142 Socius
1092 3088 1468 3157 adiungendus
1525 3097 1619 3145 est.
1676 3089 1914 3145 Praestat
1963 3090 2107 3146 enim

553 3189 761 3257 placere
821 3188 928 3243 Deo
995 3196 1047 3244 et
1111 3197 1357 3259 sumptus
1423 3191 1632 3260 aliquos
1701 3191 1891 3258 facere,
1944 3209 2108 3262 quam
