2315 3559
240 1205 419 1248 favores

201 1260 245 1303 lt.
267 1259 470 1313 Virginis.

170 1920 212 1950 P.
224 1921 381 1957 Nonou,
393 1921 497 1954 vida

198 1962 247 1992 (le
264 1965 301 1992 S.
319 1963 472 1994 Alenso

189 2003 315 2034 ler.
329 2012 417 2044 rap.
431 2006 484 2036 21.

545 235 647 289 ‘1228
721 251 968 289 EPISTOLA
1021 252 1069 289 p..
1114 253 1159 289 P.
1203 254 1254 290 N.
1297 253 1416 290 ANT.
1461 254 1586 291 MAR.
1635 253 1943 292 ANDERLEDY

619 397 886 464 Quicquid
961 398 1220 466 temporis
1289 416 1516 452 vaenum
1589 400 1783 453 l'eeerat
1843 400 2023 466 aliqua
2091 418 2120 453 a

547 513 772 550 munere
817 497 1068 551 obeundo
1113 497 1359 564 cessatiO,
1408 497 1460 551 id
1508 506 1681 551 totum
1727 497 1781 550 in
1826 498 1932 551 Deo
1976 498 2122 564 eogi-

547 597 713 650 tando
758 604 810 650 et
852 596 1086 650 amando
1131 597 1444 663 collocabat,
1491 605 1653 665 atque
1698 597 1838 664 ipsas
1878 597 2119 650 muneris

546 703 726 762 partes
763 712 887 748 eum
933 695 1193 748 orationis
1231 695 1411 749 studio
1446 695 1518 749 ita
1557 696 1811 763 sociabat,
1849 704 1908 749 ut
1945 713 2120 763 neque

551 794 761 847 deesset
795 794 972 847 offlrio
1011 794 1118 846 ulla
1154 794 1380 861 ratione,
1411 812 1586 862 neque
1620 813 1648 848 a
1683 795 1790 848 Deo
1828 795 2120 862 recederet,

552 894 633 947 vel
685 894 937 947 animuin
990 893 1303 947 demoveret
1353 911 1382 947 a
1432 895 1653 949 colenda
1705 895 1836 948 raeli
1898 895 2122 962 Regina,

549 993 870 1046 suavissime
931 992 1121 1046 solitus
1173 993 1227 1046 in
1278 993 1370 1046 Dei
1421 993 1646 1061 eiusque
1697 994 1877 1048 Matris
1939 1011 2123 1048 amore

546 1091 703 1144 unice
746 1090 1150 1158 conquiescere.

616 1190 700 1244 12.
779 1190 984 1244 Pariter
1054 1191 1405 1245 lmmaeulata
1470 1192 1635 1258 Virgo
1702 1192 1946 1246 animum
2009 1192 2124 1246 eius

547 1291 748 1344 solacio
802 1291 990 1345 lenivit
1042 1292 1372 1359 frequenter,
1414 1292 1748 1345 difficillimis
1799 1293 1913 1346 eius
1964 1293 2124 1346 rebus

548 1399 762 1458 praesto
799 1399 914 1445 erat
951 1392 1014 1445 ad
1065 1391 1418 1458 praesidium,
1462 1391 1725 1459 mirisque
1768 1400 1821 1446 et
1864 1392 2122 1446 inauditis

544 1508 763 1544 servum
802 1491 1018 1545 fidelem
1055 1490 1352 1544 (tumulavit
1388 1491 1681 1546 favoribus
1726 1491 1903 1545 Unum
1949 1492 2122 1546 refero

544 1590 842 1644 admirans,
880 1590 1119 1657 Contigit
1152 1591 1270 1644 viro
1303 1591 1479 1658 beato,
1516 1600 1576 1644 ut
1611 1609 1733 1645 cum
1776 1591 1919 1645 Patri
1958 1592 2122 1646 domo

544 1689 760 1743 exeunti
834 1690 990 1743 datus
1066 1689 1253 1743 suisset
1326 1690 1521 1757 socius,
1598 1698 1935 1758 compareret
2005 1691 2123 1758 Ipsa

547 1789 681 1843 caeli
727 1789 933 1856 Regina
972 1807 1032 1843 ae
1078 1791 1216 1844 lasso
1257 1807 1317 1843 ex
1355 1789 1440 1843 via
1479 1791 1752 1857 Alphonso
1792 1790 2123 1856 benignitate

552 1896 798 1943 materna
868 1889 1174 1955 detergeret
1241 1890 1515 1943 sudorem.
1585 1889 1793 1956 Fingite
1861 1891 2126 1944 exsultan-

550 1988 619 2041 tis
682 1988 853 2042 animi
915 1988 1198 2054 laetitiam,
1264 2006 1386 2042 eum
1457 1988 1688 2054 gratiam
1759 1989 1919 2043 iniret
1980 1989 2122 2057 apud

545 2087 771 2142 Matrem
808 2087 1120 2155 Salvatoris,
1151 2088 1382 2154 gratiam
1421 2088 1562 2155 dico,
1601 2106 1765 2157 quam
1793 2106 1859 2143 ne
1885 2089 2123 2155 rogitare

549 2187 776 2254 quidem
828 2204 1091 2255 umquam
1154 2187 1343 2241 fuisset
1391 2206 1571 2241 ausus.
1632 2187 1765 2241 Sunt
1831 2188 1883 2242 id
1952 2206 2121 2256 genus

546 2288 755 2354 gratiae
794 2305 900 2341 non
941 2287 1159 2355 regibus
1199 2296 1250 2342 et
1288 2287 1643 2356 principibus,
1684 2288 1774 2342 sed
1816 2288 1907 2342 Dei
1952 2289 2121 2342 servis

543 2386 845 2440 humilibus
896 2387 1236 2441 constitutae.

613 2486 698 2541 13.
773 2486 996 2541 Sanetus
1048 2504 1176 2541 vero
1226 2487 1531 2555 Alphonsus
1583 2488 1680 2540 hos
1732 2487 1863 2542 caeli
1913 2488 2122 2541 favores

545 2587 716 2640 ardua
766 2595 818 2641 et
867 2587 1125 2641 diuturna
1185 2587 1267 2640 sui
1332 2587 1555 2641 victoria
1613 2587 1716 2641 sibi
1766 2587 2118 2655 comparavit.

550 2686 829 2752 Ingentem
878 2686 931 2739 in
977 2687 1182 2740 orando
1228 2687 1532 2741 molestiam
1584 2687 1840 2741 sustinuit
1889 2686 2119 2754 fortiter,

546 2804 642 2839 ner
689 2786 811 2840 ideo
856 2805 885 2840 a
930 2786 1021 2855 pio
1066 2788 1168 2840 hoe
1213 2787 1393 2841 studio
1432 2788 1659 2841 ressavit
1703 2803 1986 2854 umquam,
2028 2787 2119 2840 sed

547 2885 602 2939 in
654 2903 736 2952 ee,
791 2895 924 2953 quot
974 2904 1069 2954 per
1119 2886 1293 2941 officia
1343 2887 1512 2955 liruit,
1567 2887 1876 2941 extrahebat
1938 2886 2116 2940 horas.

549 2989 870 3043 Incredibile
932 2989 1098 3056 dictu,
1153 2998 1351 3057 quanta
1415 2991 1483 3044 sit
1544 3008 1730 3058 passus
1779 3007 1838 3044 ex
1889 2989 2122 3043 vexatio-

545 3089 703 3142 nibus
755 3089 925 3143 hostis
975 3089 1189 3156 generis
1239 3090 1484 3157 humani,
1538 3099 1590 3144 et
1639 3107 1803 3158 quam
1853 3088 2118 3142 constanti

549 3196 840 3256 erectoque
889 3188 1072 3242 animo
1126 3188 1500 3244 insectationes
1553 3189 1850 3257 pertulerit.
