2315 3559
253 388 491 450 Martyrum

226 457 306 487 nos
328 450 519 488 exeitare

304 498 450 543 debet.

271 690 327 721 lh,
344 690 367 721 l.
388 691 415 722 Ι.
434 700 473 723 n.

298 732 452 764 2517-2-59.

212 2490 238 2522 1.
256 2491 386 2523 Mach.
402 2491 427 2523 1.
444 2494 497 2524 66.

273 2780 371 2813 lh.2.

381 2783 434 2813 50.

583 222 649 275 92
822 240 1071 278 EPlsTOLA
1109 241 1325 279 ANTONH
1367 243 1565 281 MARIAE
1602 244 1909 282 ANDERLEDY

582 384 648 437 ad
697 384 928 439 tribunal
975 386 1168 439 duetus
1213 405 1425 441 ‹firm-em
1473 406 1634 442 mann
1680 396 1871 455 gestat,
1920 406 2148 457 eamque

582 482 792 537 abicere
850 483 1043 549 iussus,
1103 499 1128 532 ((
1176 485 1522 553 Neutiquam‚
1572 487 1766 554 inquit,
1816 486 1868 540 id
1926 487 2144 553 t'aeiam;

585 600 609 631 i)
652 582 805 636 miles
838 583 1085 637 Crueitixi
1115 601 1233 637 sum
1267 602 1276 636 :
1313 584 1560 638 vexillum
1600 586 1664 639 ad
1708 593 1938 639 mortem
1979 603 2148 653 usque

585 699 609 733 ³>
650 699 756 735 non
808 682 1072 736 deseram.
1123 682 1319 736 Moriar
1376 700 1473 751 pro
1530 701 1610 749 eo,
1664 683 1757 751 qui
1815 701 1933 738 mea
1989 702 2148 738 eausa

583 799 608 831 ³>
649 779 798 848 prior
841 789 921 835 est
968 789 1232 835 mortuus.
1280 801 1304 834 ))
1351 782 1532 836 Voluit
1577 782 1658 836 vir
1702 782 2048 849 tortissim11S‚
2092 791 2149 837 ut

583 879 815 933 instituti
879 881 1110 934 formula
1180 881 1359 947 habet,
1412 882 1509 935 sub
1566 883 1739 935 crucis
1794 883 1989 936 veoez'llo
2042 883 2148 937 Deo

578 979 825 1033 militare
863 997 1033 1046 usque
1078 980 1144 1033 ad
1191 987 1443 1034 mortem.
1474 981 1609 1034 Voto
1648 999 1704 1034 se
1742 981 1808 1034 ad
1849 998 1968 1034 eam
2008 981 2149 1035 mili-

581 1076 708 1130 tiam
771 1078 1131 1132 obstrinxerat
1186 1078 1239 1131 in
1295 1096 1526 1133 earcere.
1582 1079 1713 1133 Cum
1765 1080 1872 1133 iam
1924 1079 2147 1135 instaret

577 1177 916 1245 martyrium,
976 1195 1099 1230 eum
1152 1179 1387 1245 palmam
1438 1178 1687 1232 manibus
1739 1180 2146 1246 quodammodo

576 1282 799 1342 teneret,
841 1293 965 1330 eum
1006 1291 1032 1324 (‹
1072 1277 1247 1330 caelos
1286 1284 1500 1344 apertos
1542 1296 1567 1329 ))
1608 1277 1833 1345 videret,
1872 1296 1979 1332 non
2017 1278 2145 1332 satis

579 1381 745 1428 tutam
803 1374 903 1428 sibi
969 1374 1250 1429 victoriam
1309 1375 1535 1443 putavit,
1589 1375 1691 1429 nisi
1741 1375 2039 1442 gloriosum
2091 1377 2145 1431 in

576 1473 692 1528 Iesu
744 1474 1006 1529 Societate
1055 1493 1275 1528 cursum
1325 1483 1771 1529 consummasset.
1825 1475 1976 1529 Tanti
2021 1476 2145 1530 feeit

574 1571 628 1625 in
658 1572 775 1640 ipso
802 1573 934 1627 caeli
962 1581 1252 1642 conspeetu
1280 1582 1509 1628 matrem
1538 1581 1778 1628 nostram
1801 1573 2139 1629 Societatem.

576 1672 720 1726 Illius
774 1691 899 1728 vero
944 1674 1010 1728 de
1054 1673 1253 1728 Ordine
1302 1681 1486 1728 nostro
1532 1673 1793 1727 indicium
1840 1674 1976 1728 Deus
2021 1692 2145 1742 pro-

572 1772 736 1839 bavit,
791 1781 842 1827 et
892 1773 1017 1828 sorti
1073 1774 1323 1840 athletae,
1384 1773 1438 1826 in
1495 1775 1725 1841 equuleo
1793 1774 2140 1841 postmodum

571 1880 805 1939 extens0‚
848 1873 1051 1927 doloris
1091 1891 1306 1927 sensum
1348 1875 1457 1927 fere
1501 1890 1719 1926 omnem
1763 1872 1984 1926 ademit.
2022 1874 2139 1941 Ipse

570 1973 812 2026 nondum
857 1980 1041 2027 noster
1084 1973 1218 2027 adeo
1264 1972 1467 2027 amavit
1510 1972 1829 2026 Societatem
1875 1980 2135 2041 nostram,

571 2080 627 2125 ut
665 2072 719 2125 in
759 2072 1022 2127 Societate
1069 2074 1186 2127 lesu
1226 2074 1462 2141 palmam
1504 2073 1661 2126 vellet
1703 2072 1964 2140 accipere.
2006 2073 2134 2139 Nos,

585 2172 869 2226 {everendi
918 2173 1098 2226 Patres
1144 2180 1195 2226 et
1240 2172 1450 2225 Fratres
1499 2170 1553 2224 in
1593 2170 1803 2225 Christo
1848 2171 2133 2239 carissimi,

567 2270 711 2324 idem
751 2278 893 2325 certe
932 2279 1078 2326 tenet
1115 2289 1286 2325 amor.
1335 2271 1436 2325 Sed
1481 2288 1635 2324 amor
1679 2270 1956 2325 Societatis
2002 2270 2132 2339 quid

566 2378 662 2436 est,
694 2371 797 2424 nisi
833 2389 988 2425 amor
1026 2372 1206 2437 legum
1247 2378 1554 2425 nostrarum
1569 2372 1593 2423 ‘?
1632 2370 1904 2438 Marty1‘eS‚
1943 2372 2133 2425 fratres

565 2470 735 2524 nostri
783 2485 807 2519 c(
855 2472 1144 2525 noluerunt
1190 2470 1484 2536 infringere
1530 2472 1703 2536 legem
1756 2470 1847 2524 Dei
1893 2478 2132 2524 sanctam

567 2590 592 2622 ))
632 2578 683 2624 et
726 2570 976 2625 trucidati
1005 2578 1145 2624 sunt.
1182 2589 1206 2623 ))
1237 2571 1338 2624 Lex
1364 2577 1549 2624 sanem
1574 2577 1699 2623 sunt
1725 2569 1888 2624 etiam
1916 2571 2133 2636 regulae

564 2677 807 2729 nostrae:
863 2671 962 2724 hoe
1014 2669 1115 2738 ipsi
1166 2669 1363 2723 Viearii
1415 2669 1610 2723 Christi
1670 2677 1949 2724 testantur.
2007 2671 2131 2724 Ideo

562 2769 740 2823 dicam
796 2787 919 2824 eum
979 2769 1272 2823 ‘Mathathia
1333 2787 1343 2822 :
1406 2783 1431 2817 ((
1490 2768 1530 2823 Ο
1580 2769 1718 2836 Filii,
1772 2771 2129 2824 aemulatores

565 2889 590 2921 ³>
631 2876 799 2924 estote
828 2868 958 2935 legis
987 2876 1038 2923 et
1064 2869 1187 2923 date
1213 2868 1420 2922 animas
1457 2876 1655 2923 vestras
1683 2886 1780 2937 pro
1807 2875 2128 2923 testamento

564 2962 851 3022 »³Patrum
895 2976 1216 3022 vestrorum.
1264 2987 1288 3017 ))
1332 2968 1441 3021 Hor.
1492 2975 1871 3022 testamentum
1912 2968 2128 3033 regulae

560 3076 685 3123 sunt
728 3076 780 3122 et
823 3068 1064 3135 exempla
1110 3067 1372 3121 Maiorum
1419 3075 1748 3122 nostrorum.

633 3169 732 3222 Pro
771 3169 872 3221 hoe
916 3174 1237 3221 testamento
1277 3168 1404 3221 dare
1442 3167 1650 3221 animas
1695 3173 1923 3232 nostras,
1966 3166 2128 3221 truci-
