2315 3559
285 724 338 810 I.
412 720 942 811 SEMMARIL'M
1008 717 1618 807 EPISTULARUM

344 1107 811 1172 EPISTOLAE
864 1106 926 1170 S.
975 1106 1051 1167 P.
1104 1106 1183 1167 N.
1233 1102 1558 1167 IGNATII

171 1276 208 1329 l.
223 1291 288 1329 AD
304 1287 678 1328 scnomsrlcos
694 1283 1390 1334 FF.coL1,.coxmssR1‹:ENSIS‚
1406 1267 1435 1321 7
1452 1266 1579 1321 maii
1594 1266 1726 1321 1547

336 1426 411 1479 De
436 1425 689 1492 religiosa
711 1423 1034 1490 perfectione
1059 1428 1108 1475 et
1133 1422 1237 1475 zelo
1264 1420 1583 1473 animarum

670 1552 842 1619 (Tom.
876 1552 914 1618 I,
941 1569 1030 1619 pp.
1055 1549 1226 1616 148.)

197 1718 232 1761 1.
268 1716 436 1761 Gaudet
457 1715 510 1759 de
531 1715 716 1758 fratrum
743 1713 921 1757 fervore
951 1712 995 1755 in
1028 1711 1199 1766 spiritu,
1224 1716 1266 1754 et
1287 1710 1488 1754 hortatur
1509 1715 1555 1752 ut
1576 1721 1728 1762 perse-

278 1808 448 1847 verent.

193 1889 233 1933 Ξ.
266 1888 312 1932 Id
333 1888 378 1932 in
393 1887 548 1942 primis
571 1885 725 1930 suadet
744 1890 835 1929 tota
856 1884 966 1928 ratio
988 1882 1244 1938 praecelsae
1267 1881 1508 1926 vocationis
1531 1885 1725 1924 nostrae.

193 1975 233 2019 3.
266 1974 342 2019 Cui
363 1972 582 2018 vocationi
611 1977 659 2016 ut
691 1971 823 2025 digne
852 1969 1193 2024 respondeatur,
1219 1981 1329 2022 opus
1352 1973 1419 2012 est
1446 1980 1607 2021 magna
1637 1965 1728 2009 dili-

280 2058 444 2114 gentia.

193 2146 277 2190 4-5.
312 2145 393 2198 Qui
424 2143 582 2199 spiritu
610 2142 799 2194 fervent,
834 2141 915 2186 soli
945 2139 1147 2184 obtinent
1172 2152 1342 2194 pacem,
1375 2138 1577 2192 virtutes,
1604 2150 1729 2181 coro-

278 2245 378 2275 nam
412 2229 619 2282 iustitiae,
657 2242 709 2272 eo
739 2227 1051 2282 pretiosiorem
1089 2239 1175 2280 quo
1209 2224 1439 2269 sublimior
1472 2223 1571 2268 finis
1602 2237 1729 2268 voca-

277 2317 410 2362 tionis
432 2322 628 2360 nostrae.

196 2404 281 2448 6-7.
315 2401 372 2447 Ut
391 2401 481 2446 Deo
507 2401 660 2445 intime
682 2399 1027 2453 obstringamur,
1052 2411 1130 2443 sua
1160 2411 1242 2441 nos
1271 2402 1452 2442 movent
1472 2395 1729 2451 multiplicia

279 2487 415 2541 dona;
456 2485 652 2531 Christus
687 2498 765 2529 sua
800 2498 882 2528 nos
908 2490 1039 2537 urget
1079 2483 1280 2535 caritate3
1325 2495 1406 2526 nos
1440 2481 1595 2526 invitat
1630 2495 1727 2526 sors

278 2572 504 2617 hominum
525 2571 571 2615 in
592 2570 846 2615 discrimine
863 2569 1013 2614 salutis
1028 2569 1316 2613 versantium.

196 2660 236 2704 8.
271 2660 408 2704 Porro
429 2658 621 2704 studium
641 2657 929 2712 perfectionis
951 2656 1190 2701 discretum
1212 2655 1268 2699 sit
1288 2660 1331 2699 et
1350 2653 1626 2699 rationabile.

197 2745 243 2790 9.
272 2744 391 2798 Quae
425 2743 580 2798 regula
610 2742 646 2786 si
677 2742 815 2795 deest,
847 2742 983 2786 multa
1016 2741 1228 2785 timentur
1256 2738 1550 2783 incommoda.
1576 2737 1728 2782 Defec-

279 2835 372 2874 tum
392 2834 537 2873 autem
559 2827 837 2872 discretionis
859 2827 1062 2882 suppleat
1077 2825 1370 2870 oboedientia.

172 2916 237 2962 10.
269 2915 334 2960 Ad
355 2914 703 2968 normamigitur
724 2912 1003 2957 discretionis
1020 2919 1063 2957 et
1079 2911 1385 2956 oboedientiae
1399 2915 1667 2964 componant
1681 2923 1728 2953 se

281 3013 435 3045 omnes
466 3014 475 3043 ε
499 2999 742 3053 gaudentes
774 2997 892 3052 quod
921 2998 1006 3042 iam
1035 2997 1183 3041 multis
1212 2996 1354 3040 modis
1383 2995 1536 3039 iuvare
1556 2993 1729 3048 possint

280 3084 544 3140 proximum.
577 3082 639 3127 De
668 3083 734 3127 his
759 3095 848 3126 non
877 3081 1018 3136 plura.
1045 3080 1160 3125 Deus
1191 3087 1335 3125 autem
1367 3092 1489 3124 suam
1524 3076 1728 3122 omnibus

283 3170 468 3225 gratiam
490 3169 702 3214 conferat.
