2315 3559
640 204 689 242 R.
734 204 779 241 P.
822 204 872 240 N.
916 203 1067 241 PETRI
1106 203 1269 241 BECKx
1629 185 1722 241 391

177 440 261 493 XI.
292 456 357 493 An
396 455 475 493 ΡΡ.
507 455 570 493 ΕΤ
596 455 676 493 FF.
707 454 1076 492 ASSISTENTIAE
1101 455 1326 506 ITALIAE,
1356 438 1423 493 10
1460 447 1562 493 oct.
1595 438 1723 493 1851

305 581 380 635 De
398 598 487 648 spe
512 597 575 634 ex
590 580 904 647 praeteritis
930 580 1335 633 calamitatibus
1356 585 1596 646 concepta

629 709 800 776 (Tom.
833 709 923 776 Ill,
954 727 1041 778 pp.
1073 708 1276 777 28-37.)

205 860 287 904 1-4.
326 860 387 904 Ex
426 859 626 905 sollemni
674 859 995 903 beatificatione
1041 859 1087 903 B.
1122 859 1238 903 Petri
1277 858 1430 903 Claver
1469 865 1511 903 et
1551 858 1729 903 decreto

284 945 464 1000 praevio
505 945 558 989 ad
591 944 958 990 beatificationem
991 944 1040 988 V.
1078 944 1252 988 Ioannis
1288 944 1342 988 de
1377 944 1529 995 Britto,
1568 943 1730 988 Romae

284 1032 436 1085 redux,
460 1031 738 1076 occasionem
770 1031 901 1075 sumit
933 1030 1154 1075 scribendi
1179 1045 1188 1074 z
1212 1030 1374 1084 gratias
1396 1044 1532 1084 agens
1553 1029 1729 1074 Summo

284 1118 481 1163 Pontifici
517 1117 621 1172 quid
656 1117 836 1171 dixerit3
876 1117 978 1172 quid
1015 1116 1299 1171 responderit
1342 1116 1537 1161 Pontifex
1579 1115 1726 1168 modo,

284 1203 412 1248 simili
434 1203 666 1248 occasione
689 1209 732 1247 et
751 1203 847 1247 loco
864 1202 993 1257 plane
1015 1202 1205 1246 insolito.

201 1290 240 1334 5.
284 1290 332 1333 In
375 1289 668 1343 abnegatione
708 1289 847 1334 nostri
894 1289 1108 1344 ipsorum,
1152 1288 1439 1343 despicientia
1487 1287 1638 1332 mundi
1687 1293 1730 1331 et

283 1375 463 1419 caritate
479 1375 728 1419 Institutum
751 1380 951 1418 nostrum
971 1379 1110 1418 totum
1126 1379 1345 1418 versatur.

200 1461 311 1505 6-11.
337 1461 400 1505 Ad
437 1475 545 1515 quas
581 1461 764 1504 virtutes
799 1460 883 1504 iam
919 1466 1047 1504 antea
1069 1473 1201 1513 saepe
1223 1459 1490 1512 exhortatus,
1514 1466 1563 1504 ut
1583 1459 1727 1503 denuo

282 1547 441 1591 excitet
476 1553 579 1601 post
612 1560 766 1590 saevas
804 1546 1037 1600 procellas,
1081 1546 1231 1590 sedata
1267 1552 1545 1599 tempestate,
1587 1545 1729 1599 inqui-

282 1633 339 1677 rit
379 1633 530 1687 quales
571 1632 706 1677 simus
740 1632 785 1676 in
828 1632 984 1686 spiritu
1027 1647 1035 1675 :
1077 1632 1445 1685 fervendoresne,
1489 1647 1544 1676 an
1582 1633 1727 1677 minus

281 1720 521 1773 ferventes,
560 1732 825 1773 quamquam
860 1732 1074 1773 praesens
1110 1724 1285 1773 tempus
1319 1719 1555 1763 maximum
1584 1719 1729 1763 fervo-

280 1820 374 1850 rem
395 1805 601 1860 postulat,
627 1810 851 1858 exspectat
881 1804 1075 1849 Ecclesia
1097 1804 1189 1858 Dei,
1213 1810 1256 1849 et
1276 1805 1511 1859 requirunt
1531 1805 1729 1860 exempla

281 1890 493 1934 Maiorum
510 1896 780 1935 nostrorum.

174 1976 313 2021 12-13.
333 1976 560 2022 Refellitur
582 1976 785 2021 obiectio.
807 1975 1104 2020 Concluditur.

297 2167 696 2226 EPISTOLAE
743 2169 807 2225 R.
865 2169 925 2223 P.
977 2168 1044 2223 N.
1101 2168 1312 2224 PETRI
1361 2167 1601 2224 BECKX

240 2309 278 2362 Ι.
297 2324 362 2362 ΑΙ)
385 2324 578 2362 PATRES
600 2324 662 2361 ET
684 2323 914 2361 FffiTREs
935 2307 1335 2374 socmTATIS,15
1351 2307 1505 2376 april.
1523 2307 1659 2363 1855

595 2438 671 2492 De
696 2444 933 2493 votorum
961 2438 1298 2493 observantia

635 2557 806 2625 (Tom.
834 2558 922 2625 111,
948 2575 1035 2626 pp.
1065 2556 1247 2625 38-85)

196 2710 281 2754 1-4.
315 2709 532 2754 Salutatos
555 2715 742 2764 paterno
765 2708 924 2753 affectu
944 2708 1109 2762 Socios,
1133 2723 1215 2764 pro
1250 2723 1436 2755 munere
1468 2724 1547 2754 suo
1583 2711 1722 2764 gravi,

279 2794 545 2850 praesertim
591 2794 658 2838 his
707 2793 968 2838 difficillimis
1017 2795 1313 2850 temporibus;
1370 2795 1423 2839 ad
1477 2796 1723 2850 exemplum

281 2880 530 2925 decessoris
567 2879 647 2931 sui,
686 2884 729 2923 et
763 2893 814 2923 ex
848 2880 1067 2925 sententia
1099 2881 1325 2936 proximae
1360 2880 1724 2936 Congregationis

279 2966 499 3021 generalis
549 2966 803 3010 exhortatur
837 2981 990 3011 omnes
1031 2967 1084 3011 ad
1124 2968 1444 3023 perfectionem
1485 2981 1723 3021 assequen-

279 3052 377 3097 dam
398 3066 480 3108 per
508 3051 681 3096 fidelem
702 3059 904 3096 votorum
927 3053 1251 3098 observantiam
1276 3068 1285 3097 ε

198 3139 311 3184 5-10.
348 3140 395 3183 In
426 3138 581 3193 primis
617 3138 905 3193 Paupertatis.
936 3139 1093 3192 Quanti
1128 3140 1283 3184 fecerit
1317 3140 1431 3183 illam
1467 3139 1507 3183 S.
1533 3138 1726 3193 Ignatius
