2315 3559
202 209 269 247 DE
309 209 578 247 PEmcuLts
615 207 902 247 TEMPORUM
942 209 1256 247 NOSTRORUM
1296 210 1547 249 CAvExms
1583 195 1682 250 269

135 370 226 407 vos
264 353 530 407 invisendi
569 352 917 419 desiderium,
958 361 1012 406 ut
1051 354 1269 407 daretur
1313 370 1459 407 meos
1493 354 1682 408 fratres

133 452 198 506 de
259 451 390 506 facie
446 468 600 505 nosse
650 468 834 505 omnes
853 470 864 517 ;
929 468 1065 518 quae
1127 453 1397 519 praeclare
1459 454 1524 506 ad
1590 453 1681 506 Dci

129 551 359 618 gloriam
427 551 597 604 facitis
653 559 704 604 et
764 551 1030 619 perfertis,
1100 569 1281 605 coram
1349 569 1567 605 cernere
1634 561 1683 605 ct

129 650 388 715 gratulari
406 669 416 715 ;
460 657 675 704 mutuae
737 650 973 703 caritatis
1025 650 1212 703 officiis
1269 668 1422 704 curas
1474 659 1682 704 nostras

131 750 364 803 mulcere
402 757 453 803 et
489 749 678 814 solari;
728 766 984 815 magnum
1024 749 1257 816 denique
1313 749 1497 803 testari
1543 750 1682 804 desi-

129 848 358 914 derium,
390 865 496 915 quo
543 865 626 901 me
665 848 801 901 Deus
845 856 1105 915 perpetuo
1143 856 1317 915 urget,
1366 856 1423 901 ut
1467 857 1680 902 strenue

128 964 401 1001 servemus
459 947 752 1013 Religionis
808 955 999 1014 castra,
1054 955 1233 1014 atque,
1289 947 1365 1000 uti
1421 965 1676 1013 germana

128 1065 187 1101 ac
231 1047 463 1114 genuina
513 1046 705 1113 Ignatii
758 1046 997 1101 Parentis
1054 1047 1280 1114 soboles,
1330 1047 1531 1115 proelia
1580 1048 1681 1101 Do-

130 1147 262 1201 mini
330 1147 515 1201 eadem
595 1164 652 1200 ac
721 1146 808 1200 ille
871 1146 1185 1201 fortitudine
1252 1155 1303 1200 et
1380 1147 1678 1201 constantia

128 1246 473 1314 proeliemur.

194 1345 243 1399 2.
291 1345 391 1400 Sed
449 1346 771 1400 obstiterunt
820 1345 954 1399 meis
1010 1345 1141 1399 votis
1196 1346 1547 1411 gravissimae
1598 1364 1680 1400 ra-

127 1444 318 1511 tioneS,
367 1462 519 1512 quas,
567 1444 609 1497 si
655 1443 815 1498 oflicii
860 1444 966 1498 mei
1010 1444 1146 1498 ratio
1186 1445 1465 1509 habeatur,
1519 1462 1680 1498 unus-

127 1544 356 1612 quisque
423 1552 661 1598 vestrum
730 1544 882 1598 facile
955 1552 1133 1598 mente
1200 1544 1413 1612 assequi
1482 1552 1673 1611 potest.

126 1643 412 1712 Supererat
461 1644 646 1711 igitur,
698 1652 756 1697 ut
807 1661 901 1711 per
949 1643 1153 1697 litteras
1202 1645 1675 1710 congrederemur,

127 1760 372 1811 quaeque
410 1743 635 1810 singulis
673 1760 923 1811 praesens
969 1742 1240 1809 dixissem,
1289 1743 1486 1810 scripto
1532 1751 1680 1810 pate-

126 1843 374 1897 facerem.
428 1842 624 1897 Verum
678 1842 962 1910 prudentia
1020 1842 1340 1910 postulabat,
1392 1851 1452 1896 ut
1506 1842 1680 1910 prius-

125 1960 287 2011 quam
332 1943 638 1997 universam
677 1943 836 1996 simul
874 1942 1191 1997 Societatem
1230 1943 1549 2010 alloquerer,
1580 1960 1676 2010 pro

124 2050 398 2110 comperto
453 2043 836 2110 exploratoque
884 2042 1160 2107 haberem,
1202 2059 1309 2109 quo
1355 2042 1575 2096 demum
1621 2041 1673 2094 in

123 2143 238 2196 loco
288 2142 430 2196 illius
491 2160 575 2197 res
636 2150 830 2209 essent,
884 2160 1151 2210 quaenam
1202 2142 1412 2210 incepta
1462 2143 1527 2196 ad
1579 2141 1671 2196 Dei

123 2242 352 2308 gloriam
385 2251 718 2310 gererentur,
749 2259 887 2310 quae
931 2242 1318 2310 impedimenta
1362 2242 1505 2295 illius
1532 2242 1677 2295 labo-

123 2341 271 2395 ribus
321 2341 730 2408 intercederent,
784 2358 921 2409 quae
965 2341 1201 2409 pericula
1238 2359 1336 2409 pro
1368 2349 1673 2409 temporum

124 2441 409 2509 iniquitate
474 2441 875 2509 impenderent;
940 2442 1085 2509 quod
1142 2441 1364 2509 quidem
1414 2459 1522 2495 non
1571 2440 1673 2494 nisi

123 2541 283 2608 longo
327 2558 508 2594 rerum
546 2557 646 2593 usu
685 2540 1048 2608 diuturnaque
1097 2540 1423 2608 experientia
1461 2540 1672 2607 assequi

124 2639 437 2708 potuissem.
469 2640 617 2693 Nunc
662 2647 840 2693 autem
879 2657 1001 2693 cum
1041 2657 1101 2693 ex
1144 2647 1223 2694 tot
1273 2639 1514 2707 undique
1558 2656 1675 2707 per-

123 2739 242 2792 latis
281 2738 491 2805 litteris,
538 2747 591 2792 et
633 2746 710 2792 tot
747 2738 911 2805 gestis
949 2739 1312 2806 coniectisque
1350 2738 1580 2805 negotiis
1620 2738 1671 2791 in

127 2838 298 2904 magis
354 2839 552 2892 claram
602 2837 765 2891 totius
813 2837 1089 2892 Societatis
1140 2838 1388 2892 notitiam
1450 2838 1640 2893 deveni
1657 2857 1668 2903 ;

123 2937 304 2991 censui
355 2937 751 3004 abrumpendas
801 2955 998 3004 moras,
1047 2955 1183 3006 quae
1233 2938 1299 2991 ab
1350 2938 1450 2991 hoc
1500 2945 1673 3004 pater-

124 3053 222 3090 nae
270 3036 506 3090 caritatis
544 3036 718 3090 officio
757 3053 842 3090 me
886 3037 1163 3105 hucusque
1208 3037 1570 3091 detinuerunt.

191 3134 240 3189 3.
273 3135 512 3190 Primum
553 3135 736 3202 igitur,
778 3134 1077 3190 Reverendi
1124 3136 1303 3190 Patres
1349 3135 1669 3202 Fratresque

1769 1362 2004 1405 Prudentia

1819 1418 1956 1460 vetuit

1751 1472 1832 1514 huc
1863 1487 2020 1525 usque,

1764 1540 1817 1569 110
1841 1527 2010 1570 litterae

1724 1581 1775 1623 ad
1797 1582 2047 1625 universam

1751 1637 2010 1680 Societatem

1769 1691 1993 1735 darentur.

1733 3138 1904 3185 Gratiae
1933 3139 2022 3185 Deo
