<?xml version="1.0" encoding="UTF-8"?>
<!DOCTYPE html PUBLIC "-//W3C//DTD XHTML 1.0 Transitional//EN"
    "http://www.w3.org/TR/xhtml1/DTD/xhtml1-transitional.dtd">
<html xmlns="http://www.w3.org/1999/xhtml" xml:lang="en" lang="en">
 <head>
  <title>
</title>
<meta http-equiv="Content-Type" content="text/html;charset=utf-8" />
  <meta name='ocr-system' content='tesseract 3.04.00' />
  <meta name='ocr-capabilities' content='ocr_page ocr_carea ocr_par ocr_line ocrx_word'/>
</head>
<body>
  <div class='ocr_page' id='page_1' title='image "./epistolaepraepos04jesu_0062.png"; bbox 0 0 2315 3559; ppageno 0'>
   <div class='ocr_carea' id='block_1_1' title="bbox 231 1214 469 1379">
    <p class='ocr_par' dir='ltr' id='par_1_1' title="bbox 231 1214 469 1379">
     <span class='ocr_line' id='line_1_1' title="bbox 242 1214 448 1258; baseline -0.01 -2"><span class='ocrx_word' id='word_1_1' title='bbox 242 1214 448 1258; x_wconf 79' lang='lat' dir='ltr'>Doctrina</span> 
     </span>
     <span class='ocr_line' id='line_1_2' title="bbox 231 1269 469 1330; baseline -0.004 -19"><span class='ocrx_word' id='word_1_2' title='bbox 231 1269 469 1330; x_wconf 70' lang='lat' dir='ltr'>christiana</span> 
     </span>
     <span class='ocr_line' id='line_1_3' title="bbox 274 1338 427 1379; baseline -0.007 -10"><span class='ocrx_word' id='word_1_3' title='bbox 274 1338 427 1379; x_wconf 74' lang='lat' dir='ltr'>pueris</span> 
     </span>
    </p>
   </div>
   <div class='ocr_carea' id='block_1_2' title="bbox 559 243 1885 298">
    <p class='ocr_par' dir='ltr' id='par_1_2' title="bbox 559 243 1885 298">
     <span class='ocr_line' id='line_1_4' title="bbox 559 243 1885 298; baseline -0.003 0"><span class='ocrx_word' id='word_1_4' title='bbox 559 243 627 298; x_wconf 79' lang='lat'>50</span> <span class='ocrx_word' id='word_1_5' title='bbox 799 257 1048 296; x_wconf 76' lang='lat' dir='ltr'><strong>EPISTOLA</strong></span> <span class='ocrx_word' id='word_1_6' title='bbox 1085 258 1302 296; x_wconf 78' lang='lat' dir='ltr'><strong>ANTONII</strong></span> <span class='ocrx_word' id='word_1_7' title='bbox 1342 257 1539 295; x_wconf 69' lang='lat' dir='ltr'>MARIAE</span> <span class='ocrx_word' id='word_1_8' title='bbox 1577 257 1885 295; x_wconf 74' lang='lat' dir='ltr'><strong>ANDERLEDY</strong></span> 
     </span>
    </p>
   </div>
   <div class='ocr_carea' id='block_1_3' title="bbox 559 400 2148 3258">
    <p class='ocr_par' dir='ltr' id='par_1_3' title="bbox 559 400 2132 1157">
     <span class='ocr_line' id='line_1_5' title="bbox 559 400 2129 470; baseline -0.003 -13"><span class='ocrx_word' id='word_1_9' title='bbox 559 404 770 457; x_wconf 89' lang='lat' dir='ltr'>sionum</span> <span class='ocrx_word' id='word_1_10' title='bbox 801 411 1104 457; x_wconf 84' lang='lat' dir='ltr'>exterarum</span> <span class='ocrx_word' id='word_1_11' title='bbox 1132 402 1400 457; x_wconf 88' lang='lat' dir='ltr'>desiderio</span> <span class='ocrx_word' id='word_1_12' title='bbox 1427 401 1499 470; x_wconf 76' lang='lat'>(3.</span> <span class='ocrx_word' id='word_1_13' title='bbox 1531 403 1650 455; x_wconf 89' lang='lat' dir='ltr'>Dec.</span> <span class='ocrx_word' id='word_1_14' title='bbox 1682 400 1839 467; x_wconf 78' lang='lat'>1833)</span> <span class='ocrx_word' id='word_1_15' title='bbox 1865 400 1958 454; x_wconf 92' lang='lat' dir='ltr'>ubi</span> <span class='ocrx_word' id='word_1_16' title='bbox 1986 400 2129 454; x_wconf 92' lang='lat' dir='ltr'>inter</span> 
     </span>
     <span class='ocr_line' id='line_1_6' title="bbox 560 500 2129 571; baseline -0.003 -14"><span class='ocrx_word' id='word_1_17' title='bbox 560 504 663 557; x_wconf 87' lang='lat' dir='ltr'>alia</span> <span class='ocrx_word' id='word_1_18' title='bbox 701 504 974 571; x_wconf 83' lang='lat' dir='ltr'>praeclara</span> <span class='ocrx_word' id='word_1_19' title='bbox 1013 501 1395 568; x_wconf 79' lang='lat' dir='ltr'>Evangelicum</span> <span class='ocrx_word' id='word_1_20' title='bbox 1433 501 1564 555; x_wconf 91' lang='lat' dir='ltr'>illud</span> <span class='ocrx_word' id='word_1_21' title='bbox 1593 500 1818 553; x_wconf 75' lang='lat' dir='ltr'>verbum</span> <span class='ocrx_word' id='word_1_22' title='bbox 1859 514 1884 547; x_wconf 83' lang='grc'>((</span> <span class='ocrx_word' id='word_1_23' title='bbox 1915 500 2037 553; x_wconf 88' lang='lat' dir='ltr'>date</span> <span class='ocrx_word' id='word_1_24' title='bbox 2075 506 2129 553; x_wconf 91' lang='lat' dir='ltr'>et</span> 
     </span>
     <span class='ocr_line' id='line_1_7' title="bbox 562 601 2128 669; baseline -0.001 -16"><span class='ocrx_word' id='word_1_25' title='bbox 562 623 588 655; x_wconf 63' lang='lat'>⁴›&gt;</span> <span class='ocrx_word' id='word_1_26' title='bbox 629 603 846 657; x_wconf 91' lang='lat' dir='ltr'>dabitur</span> <span class='ocrx_word' id='word_1_27' title='bbox 897 601 1048 655; x_wconf 70' lang='lat' dir='ltr'>vobis</span> <span class='ocrx_word' id='word_1_28' title='bbox 1101 621 1126 654; x_wconf 88' lang='grc'>))</span> <span class='ocrx_word' id='word_1_29' title='bbox 1172 618 1497 669; x_wconf 75' lang='lat' dir='ltr'>proponenS,</span> <span class='ocrx_word' id='word_1_30' title='bbox 1545 617 1641 653; x_wconf 81' lang='lat' dir='ltr'>nos</span> <span class='ocrx_word' id='word_1_31' title='bbox 1691 601 1966 665; x_wconf 91' lang='lat' dir='ltr'>admonet,</span> <span class='ocrx_word' id='word_1_32' title='bbox 2020 616 2128 652; x_wconf 92' lang='lat' dir='ltr'>non</span> 
     </span>
     <span class='ocr_line' id='line_1_8' title="bbox 561 698 2126 765; baseline -0.004 -8"><span class='ocrx_word' id='word_1_33' title='bbox 561 703 739 757; x_wconf 88' lang='lat' dir='ltr'>dicere</span> <span class='ocrx_word' id='word_1_34' title='bbox 766 702 1056 756; x_wconf 90' lang='lat' dir='ltr'>Dominum</span> <span class='ocrx_word' id='word_1_35' title='bbox 1089 719 1098 754; x_wconf 89' lang='lat'>:</span> <span class='ocrx_word' id='word_1_36' title='bbox 1132 716 1157 749; x_wconf 85' lang='grc'>((</span> <span class='ocrx_word' id='word_1_37' title='bbox 1186 718 1309 755; x_wconf 87' lang='lat' dir='ltr'>cum</span> <span class='ocrx_word' id='word_1_38' title='bbox 1337 702 1524 754; x_wconf 87' lang='lat' dir='ltr'>datum</span> <span class='ocrx_word' id='word_1_39' title='bbox 1556 699 1704 753; x_wconf 72' lang='lat' dir='ltr'>vobis</span> <span class='ocrx_word' id='word_1_40' title='bbox 1736 698 1898 752; x_wconf 75' lang='lat' dir='ltr'>fuerit</span> <span class='ocrx_word' id='word_1_41' title='bbox 1925 699 2066 765; x_wconf 91' lang='lat' dir='ltr'>date,</span> <span class='ocrx_word' id='word_1_42' title='bbox 2099 717 2126 750; x_wconf 89' lang='grc'>))</span> 
     </span>
     <span class='ocr_line' id='line_1_9' title="bbox 561 799 2130 868; baseline -0.004 -11"><span class='ocrx_word' id='word_1_43' title='bbox 561 804 653 857; x_wconf 77' lang='lat' dir='ltr'>sed</span> <span class='ocrx_word' id='word_1_44' title='bbox 701 804 850 867; x_wconf 73' lang='lat' dir='ltr'>velle,</span> <span class='ocrx_word' id='word_1_45' title='bbox 892 810 951 855; x_wconf 92' lang='lat' dir='ltr'>ut</span> <span class='ocrx_word' id='word_1_46' title='bbox 993 801 1156 855; x_wconf 92' lang='lat' dir='ltr'>etiam</span> <span class='ocrx_word' id='word_1_47' title='bbox 1195 800 1262 854; x_wconf 94' lang='lat' dir='ltr'>de</span> <span class='ocrx_word' id='word_1_48' title='bbox 1306 800 1420 868; x_wconf 88' lang='lat' dir='ltr'>ipsa</span> <span class='ocrx_word' id='word_1_49' title='bbox 1472 799 1729 853; x_wconf 72' lang='lat' dir='ltr'>tenuitate</span> <span class='ocrx_word' id='word_1_50' title='bbox 1773 806 1957 852; x_wconf 85' lang='lat' dir='ltr'>nostra</span> <span class='ocrx_word' id='word_1_51' title='bbox 2000 799 2130 852; x_wconf 92' lang='lat' dir='ltr'>dare</span> 
     </span>
     <span class='ocr_line' id='line_1_10' title="bbox 561 898 2132 970; baseline -0.004 -14"><span class='ocrx_word' id='word_1_52' title='bbox 561 903 730 956; x_wconf 85' lang='lat' dir='ltr'>simus</span> <span class='ocrx_word' id='word_1_53' title='bbox 762 902 954 970; x_wconf 87' lang='lat' dir='ltr'>parati,</span> <span class='ocrx_word' id='word_1_54' title='bbox 981 909 1124 955; x_wconf 87' lang='lat' dir='ltr'>certa</span> <span class='ocrx_word' id='word_1_55' title='bbox 1151 918 1243 968; x_wconf 92' lang='lat' dir='ltr'>spe</span> <span class='ocrx_word' id='word_1_56' title='bbox 1270 900 1397 966; x_wconf 79' lang='lat' dir='ltr'>nixi,</span> <span class='ocrx_word' id='word_1_57' title='bbox 1424 900 1536 953; x_wconf 85' lang='lat' dir='ltr'>sore</span> <span class='ocrx_word' id='word_1_58' title='bbox 1564 907 1621 952; x_wconf 89' lang='lat' dir='ltr'>ut</span> <span class='ocrx_word' id='word_1_59' title='bbox 1648 900 1793 966; x_wconf 87' lang='lat' dir='ltr'>quod</span> <span class='ocrx_word' id='word_1_60' title='bbox 1824 898 1897 951; x_wconf 90' lang='lat' dir='ltr'>ita</span> <span class='ocrx_word' id='word_1_61' title='bbox 1919 898 2132 952; x_wconf 89' lang='lat' dir='ltr'>dederi-</span> 
     </span>
     <span class='ocr_line' id='line_1_11' title="bbox 562 997 2132 1069; baseline -0.004 -13"><span class='ocrx_word' id='word_1_62' title='bbox 562 1020 700 1069; x_wconf 77' lang='lat' dir='ltr'>muS,</span> <span class='ocrx_word' id='word_1_63' title='bbox 733 1019 930 1068; x_wconf 73' lang='lat' dir='ltr'>magno</span> <span class='ocrx_word' id='word_1_64' title='bbox 957 1018 1080 1055; x_wconf 90' lang='lat' dir='ltr'>cum</span> <span class='ocrx_word' id='word_1_65' title='bbox 1110 1001 1292 1054; x_wconf 76' lang='lat' dir='ltr'>fenore</span> <span class='ocrx_word' id='word_1_66' title='bbox 1319 1018 1349 1053; x_wconf 87' lang='lat' dir='ltr'>a</span> <span class='ocrx_word' id='word_1_67' title='bbox 1386 999 1576 1053; x_wconf 71' lang='lat' dir='ltr'>Divina</span> <span class='ocrx_word' id='word_1_68' title='bbox 1601 997 1924 1051; x_wconf 76' lang='lat' dir='ltr'>liberalitate</span> <span class='ocrx_word' id='word_1_69' title='bbox 1952 997 2132 1050; x_wconf 88' lang='lat' dir='ltr'>refun-</span> 
     </span>
     <span class='ocr_line' id='line_1_12' title="bbox 562 1104 737 1157; baseline -0.017 0"><span class='ocrx_word' id='word_1_70' title='bbox 562 1104 737 1157; x_wconf 87' lang='lat' dir='ltr'>datur.</span> 
     </span>
    </p>

    <p class='ocr_par' dir='ltr' id='par_1_4' title="bbox 561 1196 2148 2846">
     <span class='ocr_line' id='line_1_13' title="bbox 628 1196 2132 1268; baseline -0.005 -13"><span class='ocrx_word' id='word_1_71' title='bbox 628 1201 713 1255; x_wconf 72' lang='lat'>027.</span> <span class='ocrx_word' id='word_1_72' title='bbox 747 1199 1033 1268; x_wconf 88' lang='lat' dir='ltr'>Proprium</span> <span class='ocrx_word' id='word_1_73' title='bbox 1061 1216 1226 1266; x_wconf 89' lang='lat' dir='ltr'>quam</span> <span class='ocrx_word' id='word_1_74' title='bbox 1262 1197 1494 1251; x_wconf 78' lang='lat' dir='ltr'>maxime</span> <span class='ocrx_word' id='word_1_75' title='bbox 1520 1196 1798 1250; x_wconf 80' lang='lat' dir='ltr'>Societatis</span> <span class='ocrx_word' id='word_1_76' title='bbox 1831 1203 1910 1249; x_wconf 92' lang='lat' dir='ltr'>est</span> <span class='ocrx_word' id='word_1_77' title='bbox 1936 1212 2132 1263; x_wconf 88' lang='lat' dir='ltr'>pueros</span> 
     </span>
     <span class='ocr_line' id='line_1_14' title="bbox 561 1296 2133 1365; baseline -0.005 -11"><span class='ocrx_word' id='word_1_78' title='bbox 561 1320 618 1354; x_wconf 85' lang='lat' dir='ltr'>ac</span> <span class='ocrx_word' id='word_1_79' title='bbox 648 1301 808 1354; x_wconf 86' lang='lat' dir='ltr'>rudes</span> <span class='ocrx_word' id='word_1_80' title='bbox 844 1298 897 1351; x_wconf 91' lang='lat' dir='ltr'>in</span> <span class='ocrx_word' id='word_1_81' title='bbox 926 1298 1009 1365; x_wconf 84' lang='lat' dir='ltr'>iis,</span> <span class='ocrx_word' id='word_1_82' title='bbox 1046 1315 1185 1365; x_wconf 80' lang='lat' dir='ltr'>quae</span> <span class='ocrx_word' id='word_1_83' title='bbox 1219 1298 1285 1351; x_wconf 88' lang='lat' dir='ltr'>ad</span> <span class='ocrx_word' id='word_1_84' title='bbox 1324 1313 1507 1349; x_wconf 91' lang='lat' dir='ltr'>rerum</span> <span class='ocrx_word' id='word_1_85' title='bbox 1551 1296 1944 1349; x_wconf 88' lang='lat' dir='ltr'>credendarum</span> <span class='ocrx_word' id='word_1_86' title='bbox 1987 1311 2133 1347; x_wconf 90' lang='lat' dir='ltr'>sum-</span> 
     </span>
     <span class='ocr_line' id='line_1_15' title="bbox 562 1392 2134 1464; baseline -0.005 -11"><span class='ocrx_word' id='word_1_87' title='bbox 562 1417 707 1453; x_wconf 89' lang='lat' dir='ltr'>mam</span> <span class='ocrx_word' id='word_1_88' title='bbox 743 1415 1032 1464; x_wconf 87' lang='lat' dir='ltr'>moresque</span> <span class='ocrx_word' id='word_1_89' title='bbox 1074 1395 1424 1461; x_wconf 79' lang='lat' dir='ltr'>corrigendos</span> <span class='ocrx_word' id='word_1_90' title='bbox 1451 1401 1613 1461; x_wconf 84' lang='lat' dir='ltr'>atque</span> <span class='ocrx_word' id='word_1_91' title='bbox 1656 1394 1723 1447; x_wconf 90' lang='lat' dir='ltr'>ad</span> <span class='ocrx_word' id='word_1_92' title='bbox 1751 1392 1967 1447; x_wconf 81' lang='lat' dir='ltr'>divinae</span> <span class='ocrx_word' id='word_1_93' title='bbox 1998 1392 2134 1458; x_wconf 83' lang='lat' dir='ltr'>legis</span> 
     </span>
     <span class='ocr_line' id='line_1_16' title="bbox 561 1491 2132 1562; baseline -0.004 -10"><span class='ocrx_word' id='word_1_94' title='bbox 561 1516 810 1552; x_wconf 89' lang='lat' dir='ltr'>normam</span> <span class='ocrx_word' id='word_1_95' title='bbox 848 1495 1267 1551; x_wconf 77' lang='lat' dir='ltr'>conformandos</span> <span class='ocrx_word' id='word_1_96' title='bbox 1306 1493 1594 1562; x_wconf 81' lang='lat' dir='ltr'>pertinent,</span> <span class='ocrx_word' id='word_1_97' title='bbox 1637 1491 1870 1546; x_wconf 88' lang='lat' dir='ltr'>erudire.</span> <span class='ocrx_word' id='word_1_98' title='bbox 1915 1491 2132 1545; x_wconf 88' lang='lat' dir='ltr'>Eniten-</span> 
     </span>
     <span class='ocr_line' id='line_1_17' title="bbox 563 1590 2130 1665; baseline -0.006 -13"><span class='ocrx_word' id='word_1_99' title='bbox 563 1600 692 1653; x_wconf 90' lang='lat' dir='ltr'>dum</span> <span class='ocrx_word' id='word_1_100' title='bbox 739 1604 1024 1665; x_wconf 89' lang='lat' dir='ltr'>propterea</span> <span class='ocrx_word' id='word_1_101' title='bbox 1069 1594 1302 1648; x_wconf 78' lang='lat' dir='ltr'>maxime</span> <span class='ocrx_word' id='word_1_102' title='bbox 1351 1593 1406 1646; x_wconf 91' lang='lat' dir='ltr'>in</span> <span class='ocrx_word' id='word_1_103' title='bbox 1444 1591 1641 1646; x_wconf 89' lang='lat' dir='ltr'>nostris</span> <span class='ocrx_word' id='word_1_104' title='bbox 1680 1590 1939 1659; x_wconf 79' lang='lat' dir='ltr'>collegiiS,</span> <span class='ocrx_word' id='word_1_105' title='bbox 1980 1598 2038 1643; x_wconf 92' lang='lat' dir='ltr'>ut</span> <span class='ocrx_word' id='word_1_106' title='bbox 2073 1590 2130 1657; x_wconf 91' lang='lat' dir='ltr'>ii,</span> 
     </span>
     <span class='ocr_line' id='line_1_18' title="bbox 563 1690 2137 1766; baseline -0.006 -15"><span class='ocrx_word' id='word_1_107' title='bbox 563 1715 698 1766; x_wconf 82' lang='lat' dir='ltr'>quos</span> <span class='ocrx_word' id='word_1_108' title='bbox 732 1697 787 1750; x_wconf 92' lang='lat' dir='ltr'>in</span> <span class='ocrx_word' id='word_1_109' title='bbox 824 1695 1017 1749; x_wconf 90' lang='lat' dir='ltr'>litteris</span> <span class='ocrx_word' id='word_1_110' title='bbox 1057 1692 1417 1748; x_wconf 86' lang='lat' dir='ltr'>instituendos</span> <span class='ocrx_word' id='word_1_111' title='bbox 1462 1691 1813 1758; x_wconf 79' lang='lat' dir='ltr'>suscepimus,</span> <span class='ocrx_word' id='word_1_112' title='bbox 1856 1690 1988 1757; x_wconf 84' lang='lat' dir='ltr'>quid</span> <span class='ocrx_word' id='word_1_113' title='bbox 2023 1707 2137 1743; x_wconf 89' lang='lat' dir='ltr'>cre-</span> 
     </span>
     <span class='ocr_line' id='line_1_19' title="bbox 564 1789 2136 1864; baseline -0.005 -14"><span class='ocrx_word' id='word_1_114' title='bbox 564 1798 709 1864; x_wconf 85' lang='lat' dir='ltr'>dere,</span> <span class='ocrx_word' id='word_1_115' title='bbox 763 1795 895 1864; x_wconf 84' lang='lat' dir='ltr'>quid</span> <span class='ocrx_word' id='word_1_116' title='bbox 946 1812 1123 1861; x_wconf 82' lang='lat' dir='ltr'>agere,</span> <span class='ocrx_word' id='word_1_117' title='bbox 1179 1792 1375 1861; x_wconf 76' lang='lat' dir='ltr'>quibus</span> <span class='ocrx_word' id='word_1_118' title='bbox 1430 1791 1509 1844; x_wconf 87' lang='lat' dir='ltr'>uti</span> <span class='ocrx_word' id='word_1_119' title='bbox 1566 1791 1795 1844; x_wconf 90' lang='lat' dir='ltr'>debeant</span> <span class='ocrx_word' id='word_1_120' title='bbox 1850 1791 1915 1844; x_wconf 89' lang='lat' dir='ltr'>ad</span> <span class='ocrx_word' id='word_1_121' title='bbox 1971 1789 2136 1843; x_wconf 82' lang='lat' dir='ltr'>vitam</span> 
     </span>
     <span class='ocr_line' id='line_1_20' title="bbox 563 1889 2138 1960; baseline -0.006 -8"><span class='ocrx_word' id='word_1_122' title='bbox 563 1906 840 1952; x_wconf 76' lang='lat' dir='ltr'>aeternam</span> <span class='ocrx_word' id='word_1_123' title='bbox 891 1894 1165 1960; x_wconf 87' lang='lat' dir='ltr'>subsidiis,</span> <span class='ocrx_word' id='word_1_124' title='bbox 1219 1899 1465 1946; x_wconf 88' lang='lat' dir='ltr'>accurate</span> <span class='ocrx_word' id='word_1_125' title='bbox 1526 1890 1842 1958; x_wconf 75' lang='lat' dir='ltr'>percipiant,</span> <span class='ocrx_word' id='word_1_126' title='bbox 1897 1889 2138 1943; x_wconf 90' lang='lat' dir='ltr'>studiose</span> 
     </span>
     <span class='ocr_line' id='line_1_21' title="bbox 565 1987 2135 2065; baseline -0.006 -15"><span class='ocrx_word' id='word_1_127' title='bbox 565 1997 890 2065; x_wconf 73' lang='lat' dir='ltr'>perdiscant,</span> <span class='ocrx_word' id='word_1_128' title='bbox 921 1994 1115 2062; x_wconf 92' lang='lat' dir='ltr'>cupide</span> <span class='ocrx_word' id='word_1_129' title='bbox 1147 1999 1469 2047; x_wconf 80' lang='lat' dir='ltr'>scrutentur.</span> <span class='ocrx_word' id='word_1_130' title='bbox 1501 1989 1709 2044; x_wconf 85' lang='lat' dir='ltr'>Summi</span> <span class='ocrx_word' id='word_1_131' title='bbox 1737 1990 1839 2042; x_wconf 89' lang='lat' dir='ltr'>hoc</span> <span class='ocrx_word' id='word_1_132' title='bbox 1870 1987 2135 2042; x_wconf 91' lang='lat' dir='ltr'>momenti</span> 
     </span>
     <span class='ocr_line' id='line_1_22' title="bbox 567 2088 2138 2162; baseline -0.006 -11"><span class='ocrx_word' id='word_1_133' title='bbox 567 2114 763 2150; x_wconf 90' lang='lat' dir='ltr'>munus</span> <span class='ocrx_word' id='word_1_134' title='bbox 798 2113 912 2150; x_wconf 87' lang='lat' dir='ltr'>esse</span> <span class='ocrx_word' id='word_1_135' title='bbox 956 2093 1269 2162; x_wconf 84' lang='lat' dir='ltr'>Superiores</span> <span class='ocrx_word' id='word_1_136' title='bbox 1320 2091 1422 2145; x_wconf 88' lang='lat' dir='ltr'>sibi</span> <span class='ocrx_word' id='word_1_137' title='bbox 1469 2090 1846 2159; x_wconf 86' lang='lat' dir='ltr'>persuadeant,</span> <span class='ocrx_word' id='word_1_138' title='bbox 1894 2088 2138 2155; x_wconf 83' lang='lat' dir='ltr'>illudque</span> 
     </span>
     <span class='ocr_line' id='line_1_23' title="bbox 565 2186 2130 2261; baseline -0.009 -9"><span class='ocrx_word' id='word_1_139' title='bbox 565 2195 908 2252; x_wconf 84' lang='lat' dir='ltr'>committant</span> <span class='ocrx_word' id='word_1_140' title='bbox 930 2192 1078 2260; x_wconf 77' lang='lat' dir='ltr'>viriS,</span> <span class='ocrx_word' id='word_1_141' title='bbox 1103 2191 1198 2261; x_wconf 88' lang='lat' dir='ltr'>qui</span> <span class='ocrx_word' id='word_1_142' title='bbox 1219 2199 1430 2246; x_wconf 93' lang='lat' dir='ltr'>teneros</span> <span class='ocrx_word' id='word_1_143' title='bbox 1451 2187 1877 2243; x_wconf 90' lang='lat' dir='ltr'>adulescentium</span> <span class='ocrx_word' id='word_1_144' title='bbox 1899 2186 2130 2252; x_wconf 86' lang='lat' dir='ltr'>animos,</span> 
     </span>
     <span class='ocr_line' id='line_1_24' title="bbox 567 2285 2137 2355; baseline -0.008 -5"><span class='ocrx_word' id='word_1_145' title='bbox 567 2306 682 2350; x_wconf 86' lang='lat' dir='ltr'>tum</span> <span class='ocrx_word' id='word_1_146' title='bbox 734 2293 979 2350; x_wconf 88' lang='lat' dir='ltr'>doctrina</span> <span class='ocrx_word' id='word_1_147' title='bbox 1023 2291 1238 2346; x_wconf 87' lang='lat' dir='ltr'>caelesti</span> <span class='ocrx_word' id='word_1_148' title='bbox 1283 2290 1547 2355; x_wconf 89' lang='lat' dir='ltr'>imbuant,</span> <span class='ocrx_word' id='word_1_149' title='bbox 1596 2295 1711 2341; x_wconf 89' lang='lat' dir='ltr'>tum</span> <span class='ocrx_word' id='word_1_150' title='bbox 1755 2286 1971 2354; x_wconf 90' lang='lat' dir='ltr'>pietate.</span> <span class='ocrx_word' id='word_1_151' title='bbox 2021 2285 2137 2348; x_wconf 86' lang='lat' dir='ltr'>Quo</span> 
     </span>
     <span class='ocr_line' id='line_1_25' title="bbox 569 2386 2141 2463; baseline -0.008 -13"><span class='ocrx_word' id='word_1_152' title='bbox 569 2395 741 2463; x_wconf 82' lang='lat' dir='ltr'>magis</span> <span class='ocrx_word' id='word_1_153' title='bbox 787 2401 968 2448; x_wconf 91' lang='lat' dir='ltr'>autem</span> <span class='ocrx_word' id='word_1_154' title='bbox 1013 2391 1090 2446; x_wconf 90' lang='lat' dir='ltr'>rei</span> <span class='ocrx_word' id='word_1_155' title='bbox 1134 2389 1457 2458; x_wconf 81' lang='lat' dir='ltr'>gravitatem</span> <span class='ocrx_word' id='word_1_156' title='bbox 1501 2386 1829 2456; x_wconf 87' lang='lat' dir='ltr'>perspiciant</span> <span class='ocrx_word' id='word_1_157' title='bbox 1872 2386 2141 2453; x_wconf 86' lang='lat' dir='ltr'>planeque</span> 
     </span>
     <span class='ocr_line' id='line_1_26' title="bbox 570 2484 2143 2561; baseline -0.008 -12"><span class='ocrx_word' id='word_1_158' title='bbox 570 2495 820 2561; x_wconf 88' lang='lat' dir='ltr'>sentiant,</span> <span class='ocrx_word' id='word_1_159' title='bbox 868 2498 1112 2560; x_wconf 82' lang='lat' dir='ltr'>repetant</span> <span class='ocrx_word' id='word_1_160' title='bbox 1174 2488 1456 2555; x_wconf 91' lang='lat' dir='ltr'>memoria,</span> <span class='ocrx_word' id='word_1_161' title='bbox 1522 2487 1767 2541; x_wconf 81' lang='lat' dir='ltr'>vovendo</span> <span class='ocrx_word' id='word_1_162' title='bbox 1823 2484 2143 2553; x_wconf 88' lang='lat' dir='ltr'>promittere</span> 
     </span>
     <span class='ocr_line' id='line_1_27' title="bbox 570 2585 2144 2659; baseline -0.008 -11"><span class='ocrx_word' id='word_1_163' title='bbox 570 2603 681 2648; x_wconf 90' lang='lat' dir='ltr'>tam</span> <span class='ocrx_word' id='word_1_164' title='bbox 716 2594 988 2647; x_wconf 87' lang='lat' dir='ltr'>Prosessos</span> <span class='ocrx_word' id='word_1_165' title='bbox 1021 2608 1186 2659; x_wconf 88' lang='lat' dir='ltr'>quam</span> <span class='ocrx_word' id='word_1_166' title='bbox 1213 2588 1561 2644; x_wconf 88' lang='lat' dir='ltr'>Coadiutores</span> <span class='ocrx_word' id='word_1_167' title='bbox 1600 2585 1904 2653; x_wconf 88' lang='lat' dir='ltr'>spirituales</span> <span class='ocrx_word' id='word_1_168' title='bbox 1937 2602 1946 2637; x_wconf 89' lang='lat'><strong>:</strong></span> <span class='ocrx_word' id='word_1_169' title='bbox 1982 2602 2144 2651; x_wconf 77' lang='lat' dir='ltr'>pecu-</span> 
     </span>
     <span class='ocr_line' id='line_1_28' title="bbox 574 2685 2148 2759; baseline -0.008 -11"><span class='ocrx_word' id='word_1_170' title='bbox 574 2696 765 2748; x_wconf 70' lang='lat' dir='ltr'>liarem</span> <span class='ocrx_word' id='word_1_171' title='bbox 789 2692 1109 2759; x_wconf 87' lang='lat' dir='ltr'>(secundum</span> <span class='ocrx_word' id='word_1_172' title='bbox 1137 2686 1561 2753; x_wconf 83' lang='lat' dir='ltr'>oboedientiam)</span> <span class='ocrx_word' id='word_1_173' title='bbox 1575 2705 1763 2740; x_wconf 67' lang='lat' dir='ltr'>emam</span> <span class='ocrx_word' id='word_1_174' title='bbox 1789 2685 1932 2738; x_wconf 72' lang='lat' dir='ltr'>cirea</span> <span class='ocrx_word' id='word_1_175' title='bbox 1950 2701 2148 2751; x_wconf 80' lang='lat' dir='ltr'>puero-</span> 
     </span>
     <span class='ocr_line' id='line_1_29' title="bbox 572 2792 1105 2846; baseline -0.006 0"><span class='ocrx_word' id='word_1_176' title='bbox 572 2812 700 2846; x_wconf 69' lang='lat' dir='ltr'>rum</span> <span class='ocrx_word' id='word_1_177' title='bbox 726 2792 1105 2846; x_wconf 71' lang='lat' dir='ltr'>eruditionem.</span> 
     </span>
    </p>

    <p class='ocr_par' dir='ltr' id='par_1_5' title="bbox 576 2880 2145 3258">
     <span class='ocr_line' id='line_1_30' title="bbox 645 2880 2143 2958; baseline -0.007 -15"><span class='ocrx_word' id='word_1_178' title='bbox 645 2892 817 2955; x_wconf 87' lang='lat' dir='ltr'>Quare</span> <span class='ocrx_word' id='word_1_179' title='bbox 878 2890 1188 2958; x_wconf 89' lang='lat' dir='ltr'>quaerenda</span> <span class='ocrx_word' id='word_1_180' title='bbox 1249 2893 1386 2940; x_wconf 89' lang='lat' dir='ltr'>esset</span> <span class='ocrx_word' id='word_1_181' title='bbox 1442 2885 1620 2953; x_wconf 86' lang='lat' dir='ltr'>potius</span> <span class='ocrx_word' id='word_1_182' title='bbox 1683 2883 1842 2937; x_wconf 90' lang='lat' dir='ltr'>huius</span> <span class='ocrx_word' id='word_1_183' title='bbox 1899 2880 2143 2935; x_wconf 91' lang='lat' dir='ltr'>muneris</span> 
     </span>
     <span class='ocr_line' id='line_1_31' title="bbox 576 2980 2141 3059; baseline -0.008 -13"><span class='ocrx_word' id='word_1_184' title='bbox 576 2990 901 3059; x_wconf 80' lang='lat' dir='ltr'>exsequendi</span> <span class='ocrx_word' id='word_1_185' title='bbox 947 2989 1154 3042; x_wconf 82' lang='lat' dir='ltr'>occasio</span> <span class='ocrx_word' id='word_1_186' title='bbox 1199 3003 1363 3055; x_wconf 86' lang='lat' dir='ltr'>quam</span> <span class='ocrx_word' id='word_1_187' title='bbox 1408 2985 1744 3050; x_wconf 90' lang='lat' dir='ltr'>declinanda,</span> <span class='ocrx_word' id='word_1_188' title='bbox 1787 2990 1839 3036; x_wconf 93' lang='lat' dir='ltr'>et</span> <span class='ocrx_word' id='word_1_189' title='bbox 1881 2980 2141 3035; x_wconf 90' lang='lat' dir='ltr'>miseren-</span> 
     </span>
     <span class='ocr_line' id='line_1_32' title="bbox 577 3078 2139 3156; baseline -0.009 -11"><span class='ocrx_word' id='word_1_190' title='bbox 577 3093 708 3146; x_wconf 88' lang='lat' dir='ltr'>dum</span> <span class='ocrx_word' id='word_1_191' title='bbox 758 3097 837 3144; x_wconf 92' lang='lat' dir='ltr'>tot</span> <span class='ocrx_word' id='word_1_192' title='bbox 886 3105 1198 3156; x_wconf 89' lang='lat' dir='ltr'>puerorum,</span> <span class='ocrx_word' id='word_1_193' title='bbox 1251 3085 1345 3153; x_wconf 85' lang='lat' dir='ltr'>qui</span> <span class='ocrx_word' id='word_1_194' title='bbox 1395 3083 1588 3139; x_wconf 90' lang='lat' dir='ltr'>abiecti</span> <span class='ocrx_word' id='word_1_195' title='bbox 1645 3083 1700 3136; x_wconf 92' lang='lat' dir='ltr'>in</span> <span class='ocrx_word' id='word_1_196' title='bbox 1757 3081 1869 3135; x_wconf 80' lang='lat' dir='ltr'>vias</span> <span class='ocrx_word' id='word_1_197' title='bbox 1919 3078 2139 3133; x_wconf 91' lang='lat' dir='ltr'>urbium</span> 
     </span>
     <span class='ocr_line' id='line_1_33' title="bbox 581 3176 2145 3258; baseline -0.008 -15"><span class='ocrx_word' id='word_1_198' title='bbox 581 3190 838 3258; x_wconf 80' lang='lat' dir='ltr'>publicaS,</span> <span class='ocrx_word' id='word_1_199' title='bbox 868 3186 1096 3254; x_wconf 82' lang='lat' dir='ltr'>neglecti</span> <span class='ocrx_word' id='word_1_200' title='bbox 1123 3204 1152 3239; x_wconf 92' lang='lat' dir='ltr'>a</span> <span class='ocrx_word' id='word_1_201' title='bbox 1180 3183 1509 3253; x_wconf 77' lang='lat' dir='ltr'>parentibUS,</span> <span class='ocrx_word' id='word_1_202' title='bbox 1540 3181 1633 3237; x_wconf 93' lang='lat' dir='ltr'>Dei</span> <span class='ocrx_word' id='word_1_203' title='bbox 1665 3179 1953 3235; x_wconf 90' lang='lat' dir='ltr'>amabilem</span> <span class='ocrx_word' id='word_1_204' title='bbox 1990 3176 2145 3231; x_wconf 87' lang='lat' dir='ltr'>honi-</span> 
     </span>
    </p>
   </div>
  </div>
 </body>
</html>
