2315 3559
236 2555 432 2611 Despicit

222 2611 434 2656 mundum

222 2666 428 2711 Aloisius.

219 2761 235 2793 1
253 2763 340 2795 Cor.
355 2762 387 2802 9,
403 2763 457 2795 25.

218 2860 231 2891 1
250 2859 355 2891 Petr.
369 2860 401 2898 5,
417 2859 449 2890 4.

977 859 1683 953 EPISTOLA

575 1052 659 1114 R.
710 1052 786 1112 P.
837 1054 916 1114 N.
966 1054 1174 1116 ANT.
1223 1055 1451 1118 MAR.
1501 1058 2080 1122 ANDERLEDY

740 1240 811 1284 AD
845 1240 1050 1285 PATRES
1082 1242 1149 1286 ET
1180 1242 1425 1288 FRATRES
1456 1243 1764 1291 SOCIETATIS
1796 1246 1918 1291 IESU

1176 1434 1484 1441 ————-.—-—

693 1679 760 1717 DE
798 1679 1058 1718 VANITATE
1102 1681 1283 1719 RERUM
1330 1682 1667 1721 HUMANARUM
1716 1684 1957 1723 EXEMPLO

976 1777 1017 1815 S.
1060 1777 1253 1816 ALOISII
1293 1777 1684 1817 CONTEMNENDA

612 1943 812 1998 Romae
894 1944 1084 1999 Sancti
1169 1945 1374 1999 Aloisz'i
1465 1946 1744 2016 Gonzayae
1832 1947 2115 2004 Societatis

543 2043 684 2111 Iesu,
737 2044 1087 2112 principatus
1147 2052 1449 2113 contemptu
1507 2053 1557 2100 et
1614 2047 1920 2102 innocentia
1973 2049 2115 2103 vitae

543 2144 862 2198 clarissimi.

614 2244 722 2298 Hae
789 2243 985 2298 illustri
1059 2244 1217 2300 laude
1291 2245 1733 2314 Martyrologium
1806 2247 2111 2302 Romanum

543 2342 932 2413 triumphalem
977 2343 1189 2398 nuntiat
1232 2344 1536 2400 Beatissimi
1581 2345 1781 2401 Fratris
1826 2346 1995 2401 nostri
2046 2348 2111 2402 ad

544 2443 794 2497 caelestia
844 2461 1009 2510 regna
1059 2443 1461 2512 migrationem.

613 2543 662 2597 1.
707 2543 954 2598 Felieiter
992 2543 1079 2598 ille
1122 2551 1335 2599 terrena
1373 2562 1496 2599 eum
1534 2545 1853 2601 caelestibus
1891 2546 2113 2601 honoris

546 2651 598 2699 et
641 2643 856 2712 imperii
896 2644 1128 2712 insignia
1167 2646 1514 2713 permutavit.
1557 2647 1756 2701 Rerum
1802 2646 2110 2702 divinarum

545 2762 730 2799 amore
764 2746 1172 2813 corruptibilem
1199 2746 1419 2815 sprevit,
1452 2748 1957 2802 ivmnarcescibilem
1985 2765 2111 2803 vero

544 2845 771 2913 adeptus
817 2853 896 2899 est
942 2846 1150 2914 yloriae
1199 2864 1466 2901 coronam.

613 2944 743 3000 Cum
817 2952 1035 3014 paratae
1108 2944 1184 2999 illi
1253 2953 1406 3000 erant
1476 2963 1623 3015 opeS,
1687 2963 1810 3000 cum
1889 2945 2111 3002 deliciae

543 3045 900 3114 suppetebant
965 3053 1017 3100 et
1083 3046 1413 3102 hereditario
1483 3046 1597 3102 iure
1665 3047 1995 3102 obventurus
2061 3047 2110 3102 ei

547 3153 661 3201 erat
711 3144 946 3213 regionis
1009 3144 1213 3215 patriae
1275 3146 1602 3213 dominatuS,
1656 3163 1776 3201 oum
1840 3163 2111 3201 summam
