2315 3559
191 363 230 408 5.

168 1302 232 1347 10.

169 1560 234 1603 11.

169 1731 236 1776 12.

172 1903 237 1948 13.

173 2246 238 2289 14.

175 2758 241 2802 16.

176 2843 242 2886 17.

177 2928 243 2973 18.

178 3014 244 3058 19.

621 218 669 255 R.
714 217 761 255 P.
804 218 857 254 N.
899 216 1018 255 Lm).
1062 215 1261 253 marm
1622 199 1723 256 [109

275 362 553 417 Propositum
588 361 800 416 epistolae
837 375 846 404 :
894 360 1134 415 praecipua
1181 365 1436 403 nostrorum
1473 365 1722 414 temporum

274 447 471 503 pericula
492 446 753 491 denuntiare
773 451 822 490 ut
843 445 989 490 Nostri
1011 445 1093 489 sibi
1116 450 1314 489 caveant.

275 532 411 577 Malus
432 532 618 576 daemon
640 530 864 584 singulare
885 529 1047 574 bellum
1069 529 1222 574 indicit
1242 528 1462 582 religiosis
1492 528 1620 581 viris;
1647 529 1724 573 sed

273 618 558 672 transfigurat
579 630 625 661 se
646 617 690 660 in
713 616 918 670 angelum
941 616 1065 664 lucis.
1085 622 1133 660 ut
1152 615 1321 659 facilius
1343 628 1420 659 eos
1441 614 1573 658 fallat.

223 740 231 748 .
274 703 556 748 Tentationes
615 708 717 746 sunt
765 715 942 756 semper
995 701 1176 746 eaedem
1230 706 1403 754 natura,
1459 700 1536 744 sed
1584 699 1727 744 forma

277 789 502 841 diversae;

275 873 438 918 nostris
486 878 630 917 autem
675 871 949 927 temporibus
981 871 1092 916 duae
1128 877 1230 916 sunt
1268 870 1550 926 praecipuae,
1593 869 1725 914 animi

274 959 428 1003 levitas
445 965 488 1003 et
502 958 638 1002 falsae
659 957 874 1002 libertatis
897 971 1035 1000 amor.

275 1044 496 1097 Diabolus,
515 1050 718 1088 causatus
739 1043 992 1097 multiplicis
1011 1042 1219 1086 scientiae
1242 1041 1591 1097 suppellectilem
1608 1055 1726 1085 nunc

274 1129 587 1183 necessariam,
612 1128 882 1173 scholasticis
905 1127 1068 1172 nostris
1100 1127 1268 1180 suadet,
1292 1133 1354 1177 ut,
1378 1126 1558 1180 antiqua
1575 1132 1727 1170 nostra

274 1215 538 1270 posthabita,
560 1215 856 1259 recentiorem
879 1219 1123 1268 sequantur
1144 1213 1388 1257 studiorum
1410 1212 1642 1256 rationem.

275 1302 338 1346 Ad
381 1315 511 1355 quam
553 1300 763 1345 scientiae
802 1299 1024 1344 levitatem
1065 1299 1160 1353 ipsa
1200 1298 1402 1353 corporis
1452 1296 1728 1341 imbecillitas

275 1387 479 1439 inclinat3
505 1387 745 1431 domestica
776 1386 978 1430 educatio
1002 1385 1219 1440 disponit;
1242 1384 1419 1439 publica
1439 1382 1727 1427 institutionis

275 1472 386 1517 ratio
409 1472 646 1526 compellit.

276 1558 385 1603 Huic
423 1557 671 1602 letissimae
708 1556 960 1601 formationi
999 1562 1195 1600 nostram
1233 1555 1363 1599 etiam
1394 1553 1727 1598 accommodan-

279 1644 377 1688 dam
399 1643 640 1688 contendit.

277 1730 485 1777 Ohiciens
514 1729 815 1774 recentiorum
845 1727 1176 1783 disciplinarum
1214 1725 1524 1771 necessitatem
1565 1725 1619 1769 ad
1650 1724 1727 1768 im-

277 1817 376 1872 pios
396 1816 552 1860 iisdem
573 1815 706 1860 armis
727 1814 1066 1870 oppugnandos.

280 1903 404 1956 Quod
424 1902 623 1957 ineptum
651 1900 1013 1956 deprehenditur,
1038 1899 1074 1944 si
1096 1905 1252 1953 agatur
1273 1898 1326 1942 de
1347 1897 1560 1952 peculiari
1582 1896 1728 1952 aliqua

279 1987 510 2043 disciplina
549 1986 840 2040 addiscenda3
881 1985 1153 2030 contrarium
1194 1984 1396 2029 Instituto
1429 1990 1472 2027 et
1507 1982 1728 2027 vocationi

279 2080 474 2127 nostrae,
498 2073 534 2118 si
556 2074 609 2118 de
632 2072 836 2117 omnibus
858 2071 1100 2126 disciplinis
1121 2069 1447 2115 recentioribus
1468 2083 1568 2113 cum
1597 2068 1728 2113 detri-

279 2166 428 2204 mento
452 2159 756 2214 Philosophiae
778 2165 822 2203 et
841 2157 1121 2212 Theologiae.

281 2245 392 2290 Hinc
430 2244 590 2299 Congr.
632 2243 741 2288 Gen.
783 2243 909 2288 XXIV
958 2248 1155 2287 nostram
1205 2241 1434 2285 Rationem
1483 2239 1728 2284 studiorum

279 2330 440 2375 iterum
461 2329 712 2374 inculcavit.
737 2328 827 2373 Hac
848 2327 919 2372 via
938 2328 1004 2372 fas
1025 2327 1110 2372 erit
1129 2326 1356 2381 proximos
1383 2325 1537 2370 iuvare
1559 2324 1729 2379 absque

281 2422 434 2461 nostro
455 2415 671 2471 periculo.

231 2535 240 2544 .
282 2500 370 2546 Sub
412 2500 561 2556 specie
590 2500 669 2544 zeli
699 2498 884 2554 impellit
912 2499 966 2543 ad
1003 2498 1224 2543 exteriora
1256 2511 1266 2541 z
1299 2497 1500 2551 adeoque
1535 2495 1729 2551 primum

281 2586 465 2641 impedit
495 2585 677 2630 solidam
709 2584 1040 2636 formationem3
1074 2583 1234 2627 deinde
1265 2581 1463 2627 debilitat
1501 2580 1726 2636 spiritum3

283 2670 476 2725 denique
496 2677 664 2715 temere
684 2669 869 2724 impellit
888 2669 933 2712 in
953 2668 1198 2712 ministeria
1223 2682 1232 2712 :

283 2756 493 2801 Paulatim
515 2769 622 2800 vero
645 2755 698 2799 ad
719 2755 816 2808 alia,
840 2768 865 2798 a
886 2753 1014 2799 nobis
1035 2754 1192 2808 aliena,
1215 2758 1384 2798 avocat.

284 2841 349 2886 Ab
371 2841 560 2887 instituti
580 2840 869 2895 praescriptis
889 2839 1061 2884 avertit.

286 2927 532 2972 Periculum
553 2927 634 2971 hoc
654 2926 784 2971 hodie
803 2925 1083 2981 praesentius
1105 2939 1236 2980 quam
1257 2929 1400 2969 antea.

286 3014 431 3067 Quare
451 3013 548 3057 iure
574 3012 823 3066 meritoque
854 3011 1099 3066 Praepositi
1119 3017 1163 3055 et
1182 3009 1474 3064 Congregatio
1504 3008 1731 3053 Generalis

286 3113 369 3143 nos
394 3098 649 3142 admonent.

287 3183 465 3228 Exitiosi
487 3182 603 3227 enim
627 3188 729 3226 sunt
747 3182 876 3226 huius
897 3181 1153 3226 tentationis
1174 3180 1374 3225 effectus.
