2315 3559
174 356 481 402 admitteretur

181 412 277 456 sine
311 424 473 466 propo-

237 467 319 511 sito
342 474 417 511 aut

211 521 432 566 desiderio

189 577 454 621 christianae

162 632 485 685 abnegationis.

198 1446 445 1491 Oboedien-

234 1502 338 1546 tiam
375 1508 419 1546 et

177 1557 468 1601 humilitatem

251 1612 390 1656 voluit

208 1674 432 1721 tamquam

215 1729 430 1766 tesseram

201 1778 444 1822 sociorum.

536 185 638 242 320
798 205 1046 245 EPISTOLA
1085 206 1133 245 a.
1178 208 1223 246 P.
1267 208 1318 246 N.
1362 207 1605 246 LUDOVICI
1645 207 1843 248 MARTIN

535 350 629 419 qui
680 351 1019 420 propositum
1076 352 1236 406 huius
1295 352 1378 406 sui
1440 353 1812 420 abnegationis
1871 355 2103 422 amplec-

534 452 728 506 tendae
778 469 953 520 neque
1007 460 1327 521 conceptum
1372 453 1632 507 haberent
1676 453 1880 521 animO,
1928 471 2103 522 neque

535 553 723 606 saltem
791 552 1073 620 concipere
1147 560 1413 620 optarent.
1487 567 1514 601 ((
1563 554 1970 620 Interrogentur
2036 572 2100 608 an

534 651 847 706 huiusmodi
907 651 1173 707 desideria
1237 660 1348 706 tam
1393 653 1666 720 salutaria,
1715 661 1767 707 et
1816 654 1881 708 ad
1933 655 2104 722 perfe-

533 750 768 805 ctionem
823 751 1129 805 animarum
1170 769 1391 806 suarum
1436 760 1546 806 tam
1604 752 1894 820 fructuosa,
1942 752 1998 807 in
2048 770 2102 807 se

534 851 784 906 sentiant.
828 850 979 914 Quod
1025 851 1069 905 si
1108 852 1229 920 quis
1270 860 1491 920 propter
1529 854 1825 907 humanam
1863 860 2102 907 nostram

534 950 868 1005 debilitatem
936 968 998 1005 ac
1058 951 1336 1006 miseriam
1388 952 1443 1006 in
1504 969 1558 1007 se
1619 951 1936 1007 huiusmodi
1992 959 2102 1006 tam

533 1049 870 1104 inflammata
915 1049 969 1104 in
1014 1049 1244 1105 Domino
1283 1050 1553 1105 desideria
1597 1068 1704 1105 non
1742 1050 1983 1119 sentiret,
2026 1051 2105 1105 in-

533 1157 840 1215 terrogetur
875 1167 942 1203 an
976 1158 1120 1204 certe
1156 1149 1487 1205 desiderium
1523 1150 1577 1204 in
1605 1167 1660 1205 se
1699 1151 1894 1205 sentiat
1919 1150 2104 1204 huius-

534 1249 682 1304 modi
738 1248 1008 1304 desideria
1075 1250 1431 1306 sentiendi.»
1501 1250 1590 1305 Ex.
1655 1268 1776 1318 gen.
1843 1250 1967 1319 Cap.
2023 1266 2094 1318 1v,

532 1353 562 1413 ἓ
609 1351 694 1417 44,
742 1350 827 1405 45.

601 1452 685 1506 43.
736 1453 794 1506 ln
854 1451 1177 1507 Societatem
1239 1460 1419 1506 autem
1488 1460 1729 1521 receptos
1799 1459 1850 1507 et
1904 1452 1958 1506 in
2014 1452 2103 1506 illa

534 1552 731 1607 Christi
771 1552 1041 1621 stipendia
1081 1561 1369 1621 merenteS,
1401 1552 1609 1607 facilius
1654 1570 1841 1621 passus
1870 1560 1949 1607 est
1988 1553 2103 1606 «ab

534 1652 652 1706 aliis
705 1652 974 1719 religiosis
1036 1652 1327 1707 Ordinibus
1378 1652 1622 1721 superari
1684 1652 1921 1720 ieiuniiS,
1972 1652 2106 1719 vigi-

533 1752 638 1820 liis,
695 1761 746 1807 et
795 1761 972 1807 cetera
1022 1753 1194 1807 victus
1245 1754 1529 1821 cultusque
1583 1753 1892 1822 asperitate,
1939 1769 2104 1821 quam

534 1870 630 1908 suo
676 1854 910 1923 quisque
954 1854 1063 1908 ritu
1113 1872 1173 1909 ac
1218 1854 1502 1922 disciplina
1547 1862 1727 1909 sancte
1777 1853 2101 1923 suscipiunt;

533 1962 587 2009 at
625 1971 751 2009 vera
789 1972 849 2009 ac
879 1955 1114 2023 perfecta
1142 1954 1504 2022 oboedientia,
1535 1954 1986 2022 abdicationeque
2013 1971 2107 2008 vo-

532 2055 753 2110 luntatis
798 2063 961 2124 atque
1005 2055 1192 2111 iudicii
1239 2055 1471 2110 maxime
1523 2055 1694 2110 voluit
1738 2073 1851 2110 esse
1895 2054 2106 2123 conspi-

532 2171 747 2223 cuos...,
780 2155 1135 2224 eiusdemque
1162 2155 1440 2210 Societatis
1469 2173 1652 2210 veram
1679 2171 2105 2223 germanamque

532 2256 777 2311 subolem
816 2257 915 2310 hac
954 2256 1110 2325 quasi
1153 2264 1280 2311 nota
1331 2256 1671 2325 distingui.»
1724 2256 1820 2325 Ep.
1868 2257 1934 2312 de
1978 2255 2101 2311 virt.

532 2354 733 2411 Oboed.
780 2359 811 2420 ἓ
847 2355 898 2412 3.
930 2356 1103 2420 Quare
1149 2357 1215 2411 de
1264 2357 1364 2411 hac
1405 2356 1620 2425 virtute,
1669 2375 1776 2426 qua
1825 2355 2104 2411 Societatis

534 2457 643 2511 vita
692 2456 870 2512 omnis
914 2466 967 2512 et
1015 2457 1156 2512 actio
1207 2457 1454 2512 consistit
1491 2466 1543 2512 et
1580 2457 1806 2525 regitur,
1850 2465 1902 2512 et
1939 2473 2103 2525 quam

534 2557 700 2612 veluti
757 2557 1000 2612 nativum
1068 2575 1362 2626 verumque
1423 2557 1566 2612 illius
1627 2558 1862 2612 colorem
1914 2556 2101 2623 voluit,

533 2656 660 2711 satis
705 2656 754 2711 ei
803 2674 911 2711 non
957 2656 1058 2710 fuit
1097 2657 1525 2725 sapientissimas
1575 2656 1630 2711 in
1680 2657 1790 2711 suis
1841 2655 2106 2711 Constitu-

537 2757 772 2812 tionibus
834 2758 977 2825 leges
1029 2757 1279 2813 statuisse
1295 2777 1307 2826 ;
1368 2759 1460 2814 sed
1522 2758 1900 2814 admirabilem
1955 2757 2104 2811 illam

535 2858 751 2927 scripsit
794 2857 1096 2926 epistolam,
1145 2876 1252 2927 qua
1301 2859 1376 2913 nil
1420 2859 1650 2928 pleniUS,
1692 2859 1766 2913 nil
1815 2857 2103 2928 perfectius

534 2958 600 3014 de
639 2957 982 3013 oboedientia
1021 2958 1127 3012 dici
1172 2976 1329 3028 posse
1373 2960 1639 3015 existimo,
1671 2959 1815 3023 Quae
1853 2958 1997 3013 enim
2036 2958 2100 3012 ad

534 3058 695 3113 huius
741 3057 954 3112 virtutis
1017 3058 1319 3113 doctrinam
1370 3067 1423 3114 et
1482 3076 1641 3113 usum
1687 3057 1976 3126 pertinent,
2023 3074 2105 3111 sa-

534 3157 737 3227 pientia
782 3157 1008 3212 minime
1053 3157 1291 3213 humana
1337 3158 1392 3213 in
1441 3159 1541 3214 hac
1581 3158 1807 3227 epistola
1846 3156 2102 3226 explicata
