2315 3559
548 222 650 277 402
965 240 1285 279 SUMMARmM
1327 239 1692 279 EPlSTOLARUM

659 398 839 440 semper
858 384 996 430 Deum
1018 385 1232 430 habemus
1254 391 1355 431 ante
1383 385 1551 441 oculos,
1576 386 1612 429 si
1632 386 1794 430 mortui
1815 386 1980 431 mundo
2003 387 2119 431 viva-

657 486 755 516 mus
777 470 947 516 Christo
966 471 1168 516 Domino.

573 556 613 601 9.
657 556 720 601 lta
764 556 941 601 vivebat
983 556 1024 601 S.
1068 556 1279 610 Ignatius.
1323 557 1386 601 Ita
1419 557 1495 601 filii
1530 557 1624 602 eius
1663 571 1671 601 ε
1717 557 1758 602 S.
1798 557 1952 602 Franc.
1991 558 2115 619 Xav.‚

655 644 697 688 S.
723 643 878 688 Franc.
904 642 1101 697 Borgias,
1123 643 1168 686 Ρ.
1192 642 1447 698 Condignus
1464 643 1676 688 Gonzalez
1693 644 1891 698 Silveira,
1912 645 1955 689 Ρ.
1976 645 2112 690 Balth.

655 729 853 784 Alvarez,
888 729 929 773 P.
964 729 1183 774 Antonius
1214 729 1344 773 Pinas
1384 735 1428 774 et
1460 729 1638 784 plurimi
1674 730 1856 784 genuini
1886 731 2115 776 Societatis

654 816 744 860 filii.

544 902 684 947 1o12.
718 901 910 946 Gloriam
942 901 1020 946 Dei
1050 901 1313 956 parentibus
1343 908 1619 957 anteponere
1650 916 1732 947 nos
1763 903 1913 947 docuit
1932 902 2115 947 Divinus

652 989 867 1039 Salvator,
906 988 1022 1033 idem
1058 989 1279 1033 Abraham
1314 989 1580 1044 patriarcha,
1617 1003 1827 1044 magnum
1858 990 1957 1034 ideo
1988 1004 2115 1045 prae-

651 1075 785 1119 mium
820 1081 1102 1120 consecutus.
1128 1075 1248 1119 Idem
1270 1075 1517 1130 praemium
1540 1075 1668 1120 nobis
1689 1076 1816 1130 petiit
1836 1075 1875 1120 S.
1902 1076 2111 1130 Ignatius,

652 1160 876 1205 oblivione
898 1160 1149 1205 delentibus
1166 1167 1402 1216 parentum
1423 1161 1699 1205 memoriam.

542 1246 681 1291 13-14.
717 1246 855 1299 Quam
873 1246 1142 1291 oblivionem
1163 1247 1284 1291 iuvat
1305 1247 1523 1291 ordinatio
1548 1247 1592 1290 P.
1612 1246 1671 1291 Cl.
1697 1246 2115 1302 Aquavivae‚incul-

651 1340 722 1379 cat
736 1333 894 1379 animis
913 1333 957 1378 P.
982 1333 1143 1379 Mutius
1165 1333 1430 1378 Vitelleschi.

541 1419 680 1465 15-17.
714 1419 966 1475 Opponitur
995 1419 1079 1464 alia
1108 1434 1226 1464 nunc
1259 1433 1358 1464 esse
1379 1425 1596 1474 tempora.
1622 1419 1935 1475 Respondetur
1959 1434 1968 1464 :
1992 1419 2113 1473 Esto,

651 1505 728 1550 sed
750 1505 904 1550 eadem
927 1505 983 1550 sit
1003 1505 1159 1550 virtus.
1179 1505 1299 1550 Idem
1322 1511 1443 1550 certe
1461 1512 1529 1550 est
1548 1505 1666 1550 Deus
1685 1505 1760 1560 qui
1777 1505 1898 1549 dedit
1913 1505 2115 1549 Abrahae

648 1592 911 1647 praemium,
946 1592 1161 1647 grandem
1192 1592 1482 1647 progeniem3
1516 1592 1702 1637 eandem
1734 1592 1854 1636 dedit
1882 1592 2112 1636 Societatis

649 1678 748 1723 filiis
769 1678 1061 1731 merentibus,
1087 1692 1177 1723 non
1207 1679 1260 1723 iis
1283 1679 1358 1733 qui
1381 1693 1514 1723 carne
1537 1679 1777 1723 vincuntur
1807 1684 1851 1723 et
1881 1679 2112 1733 sanguine.

540 1766 679 1812 118-20.
715 1766 767 1810 Hi
799 1766 916 1811 enim
947 1766 1108 1810 damna
1136 1767 1334 1810 inferunt
1361 1766 1579 1817 Societati,
1602 1766 1829 1820 sibiipsis,
1848 1766 2114 1820 praesertim

650 1852 685 1896 si
707 1858 943 1906 parentum
963 1866 1009 1896 se
1032 1851 1261 1905 implicant
1282 1852 1493 1906 negotiis3
1518 1852 1626 1906 ipsis
1650 1851 1912 1906 parentibus
1930 1858 2108 1896 nocent.

537 1938 605 1983 21.
650 1938 758 1983 Rem
790 1937 1055 1992 quibusdam
1087 1937 1308 1981 difficilem
1340 1937 1495 1991 regula
1532 1944 1686 1981 octava
1708 1937 1934 1981 summarii
1967 1943 2117 1991 postu-

647 2026 727 2079 lat3
781 2025 973 2070 vincitur
1018 2039 1124 2069 vero
1175 2024 1407 2068 difficultas
1457 2024 1688 2078 proposito
1740 2023 1869 2068 nobis
1914 2024 2114 2079 exemplo

650 2111 696 2155 B.
721 2111 939 2156 Edmundi
957 2117 1001 2156 et
1017 2110 1134 2165 Soc„
1155 2116 1198 2154 et
1217 2110 1433 2154 memoria
1454 2110 1700 2154 vocationis
1722 2115 1918 2154 nostrae.

537 2198 605 2243 22.
648 2198 683 2242 Α
710 2198 973 2253 parentibus
1010 2197 1219 2242 iubemur
1247 2195 1489 2251 abstinere,
1512 2201 1561 2240 ut
1597 2182 1870 2240 adiuvandOS
1909 2195 1964 2239 ad
2004 2194 2116 2239 salu-

649 2290 737 2329 tem
768 2283 1132 2338 consequendam
1163 2282 1366 2326 homines
1396 2281 1592 2326 Societas
1623 2295 1705 2325 nos
1736 2280 1896 2325 haheat
1915 2286 2110 2335 paratos.

651 2371 696 2414 ln
721 2384 809 2424 quo
830 2383 1017 2414 munere
1033 2368 1174 2423 magis
1191 2368 1322 2413 etiam
1344 2367 1461 2413 Deus
1482 2373 1584 2413 ante
1602 2367 1754 2412 oculos
1769 2367 2015 2411 habendus.

538 2456 680 2502 23-29.
714 2457 839 2510 Quod
860 2455 1050 2501 intendit
1070 2456 1110 2501 S.
1132 2455 1344 2510 Ignatius‚
1362 2455 1480 2499 hunc
1503 2453 1704 2498 ordinem
1726 2467 1878 2497 rerum
1900 2452 2114 2507 gerenda-

650 2558 747 2587 rum
769 2543 1056 2597 praefiniens,
1082 2541 1157 2596 qui
1179 2542 1232 2585 ad
1255 2541 1452 2586 divinum
1475 2552 1607 2595 quam
1628 2539 1816 2584 maxime
1838 2539 2047 2584 accedat:
2066 2544 2114 2583 ut

648 2629 717 2683 iis,
741 2629 816 2683 qui
848 2628 996 2673 valent
1025 2627 1302 2682 auctoritate,
1329 2627 1484 2672 demus
1507 2640 1704 2681 operam,
1724 2631 1772 2670 ut
1793 2624 2005 2679 operibus
2028 2623 2114 2678 spi-

649 2714 897 2768 ritualibus,
935 2714 1037 2759 dein
1077 2714 1131 2758 iis
1168 2727 1282 2768 quae
1322 2726 1413 2757 non
1453 2711 1683 2767 patiuntur
1719 2723 1905 2764 moram,
1938 2715 2030 2754 tum
2060 2709 2113 2753 iis

649 2815 763 2856 quae
794 2800 1024 2846 Societatis
1055 2806 1158 2845 sunt
1185 2799 1385 2855 propria,
1419 2798 1565 2853 qualia
1602 2803 1705 2842 sunt
1737 2812 1746 2841 :
1779 2796 1979 2850 collegia,
2010 2795 2113 2839 mis-

648 2887 1025 2938 siones,doctrina
1045 2887 1286 2931 christiana
1300 2885 1453 2940 pueris
1471 2890 1516 2929 et
1531 2884 1716 2928 rudibus
1732 2882 1963 2936 tradenda,
1977 2894 2114 2936 opera

648 2973 843 3027 humilia,
895 2979 986 3017 tum
1037 2973 1199 3027 quibus
1248 2972 1319 3016 alii
1359 2985 1448 3015 non
1489 2976 1663 3025 vacant,
1704 2984 1746 3013 v.
1789 2984 1830 3023 g.
1873 2967 2111 3022 paroeciis,

647 3060 842 3115 denique
872 3059 924 3104 iis
956 3074 1070 3113 quae
1101 3065 1204 3104 sunt
1241 3060 1388 3105 minus
1414 3057 1682 3114 periculosa,
1706 3056 1885 3101 tandem
1915 3055 1967 3099 iis
1999 3068 2112 3109 quae

648 3152 751 3191 sunt
770 3145 974 3201 pluribus
994 3144 1131 3199 utilia,
1156 3158 1270 3199 quae
1291 3144 1583 3190 diuturniora.

535 3230 676 3278 30-37.
713 3232 829 3278 Haec
864 3231 906 3277 S.
946 3231 1085 3276 Patris
1122 3245 1278 3276 norma
1312 3231 1457 3276 locum
1493 3228 1777 3284 abnegationi
1812 3233 1856 3272 et
1893 3225 2110 3281 martyrio
