2315 3559
180 235 246 273 DE
268 233 572 272 REPETENDA
594 234 664 271 ss‚
686 226 1301 284 PETRI,10ANN.ETALP11.
1322 232 1560 270 MEMORIA
1598 218 1696 272 ’189

143 393 280 444 quae
322 376 584 445 praecipit
633 384 691 429 ut
738 376 903 430 lectae
942 375 1253 429 reddantur.
1303 374 1468 441 Magis
1512 375 1692 440 etiam,

142 483 201 529 ut
244 492 340 543 par
384 482 479 541 est,
539 474 793 528 horrebat
841 474 1055 527 mittere
1099 473 1300 527 litteras
1352 490 1484 540 quas
1535 473 1698 540 Supe-

141 573 272 627 riori
321 590 427 627 non
473 573 815 627 exhibuisset.

204 672 510 726 Mandatum
551 672 598 726 ei
637 689 666 725 a
706 671 1016 740 Praeposito
1054 670 1291 738 generali
1326 670 1444 736 fuit,
1476 679 1534 723 ut
1559 670 1699 723 litte-

139 788 222 824 ras
274 771 339 824 ad
396 770 560 824 alium
622 778 830 838 patrem
892 771 1060 836 daret,
1114 787 1247 838 quas
1308 787 1429 823 curn
1488 769 1696 822 tradere

138 869 329 923 domus
368 869 698 923 moderatori
736 886 842 923 non
871 876 1066 936 posset,
1097 869 1162 923 ad
1204 867 1514 922 Provinciae
1544 867 1699 921 Prae-

137 967 373 1035 positum
418 967 627 1022 detulit.

204 1066 286 1120 24.
330 1067 570 1121 Mirabile
607 1083 730 1121 vero
770 1066 915 1121 dictu
949 1075 1045 1134 est,
1087 1083 1193 1134 qua
1230 1066 1528 1134 diligentia,
1567 1066 1697 1119 fide-

138 1165 284 1220 litate
339 1184 399 1220 ac
460 1166 720 1233 religione
772 1166 1011 1234 paruerit
1071 1166 1306 1232 regulae,
1359 1183 1496 1233 quae
1551 1174 1695 1220 extra

135 1266 324 1320 domos
378 1274 587 1320 nostras
632 1266 745 1320 sine
795 1266 939 1320 socio
988 1283 1084 1319 nos
1129 1283 1243 1319 esse
1292 1265 1561 1334 prohibet.
1604 1266 1695 1320 Vir

135 1373 213 1418 tot
267 1364 508 1433 tantique
566 1364 824 1419 momenti
888 1365 1193 1432 implicatus
1254 1364 1503 1431 negotiis,
1557 1382 1694 1432 quae

136 1466 276 1518 foras
320 1482 444 1518 eum
489 1464 707 1532 prodire
751 1464 1057 1531 adigebant,
1105 1465 1250 1518 nullo
1295 1481 1402 1517 non
1452 1472 1693 1531 tempore

134 1564 383 1618 adhibuit
426 1571 617 1618 testem
669 1582 888 1618 suarum
940 1564 1232 1631 actionum,
1286 1581 1381 1618 nec
1433 1581 1691 1631 umquam

132 1663 212 1717 uti
264 1664 431 1718 voluit
473 1681 535 1718 ea
571 1663 835 1731 libertate,
871 1681 1035 1732 quam
1074 1663 1184 1731 alii,
1216 1663 1393 1717 minus
1432 1663 1689 1731 religiosi,

134 1765 533 1819 contendissent
593 1766 661 1819 ad
722 1766 947 1819 salutem
1005 1764 1288 1818 hominum
1347 1781 1459 1818 esse
1515 1781 1694 1818 neces-

133 1865 349 1919 sariam.
418 1866 718 1919 Instruebat
778 1865 1032 1932 Nigritas,
1097 1865 1283 1919 aderat
1343 1864 1517 1918 socius
1584 1873 1691 1919 toto

133 1964 223 2018 illo
266 1973 541 2033 tempore,
596 1973 807 2033 praesto
858 1973 971 2019 erat
1019 1964 1269 2032 infirmi&
1323 1965 1567 2019 adstabat
1610 1982 1693 2019 so-

132 2064 278 2131 cius;
343 2064 596 2119 comitem
658 2065 931 2119 interdum
986 2064 1175 2118 habuit
1236 2064 1584 2132 interpretem
1641 2073 1691 2118 et

132 2164 294 2219 simul
368 2165 608 2219 Fratrem
681 2164 996 2219 Adiutorem
1070 2165 1293 2219 socium.
1358 2164 1690 2231 Carthagena

132 2262 315 2317 relicta
370 2263 628 2331 Bogotam
679 2263 829 2332 petit,
883 2264 985 2318 iter
1038 2281 1160 2317 cum
1222 2281 1284 2318 eo
1346 2263 1473 2317 facit
1527 2264 1691 2318 frater

133 2363 506 2430 scholasticus3
544 2365 609 2418 ad
657 2363 1015 2418 confessiones
1063 2364 1117 2417 in
1157 2364 1318 2418 domo
1363 2363 1488 2417 belli
1539 2364 1688 2418 ducis

130 2461 467 2530 excipiendas
517 2462 789 2530 invitatUS,
837 2479 899 2517 eo
945 2464 1118 2517 solum
1164 2462 1218 2516 in
1261 2463 1377 2516 loco
1433 2463 1690 2516 confiten-

130 2568 207 2615 tes
258 2562 445 2616 audire
503 2563 631 2628 vult,
688 2562 781 2616 ubi
842 2562 1013 2616 videri
1069 2580 1097 2616 a
1159 2561 1303 2615 socio
1364 2569 1555 2629 potest.
1615 2562 1687 2615 De

130 2661 449 2716 scholastico
493 2669 760 2728 narratur,
809 2679 931 2717 eum
971 2670 1150 2716 mente
1189 2662 1297 2716 sere
1341 2661 1684 2716 deturbatum

130 2759 290 2814 fuisse
342 2777 402 2814 ex
448 2761 727 2814 vulnerum
777 2768 992 2829 aspectu
1043 2768 1094 2815 et
1142 2761 1346 2814 foetore
1406 2768 1687 2826 aegrotan-

130 2857 284 2926 tium,
325 2877 446 2913 cum
492 2858 666 2912 socius
711 2859 897 2914 fuisset
939 2859 988 2913 S.
1043 2859 1185 2914 Petri
1224 2858 1487 2913 visitantis
1538 2858 1686 2911 infir-

131 2975 246 3011 mos
283 2958 545 3025 Nigritas;
577 2958 631 3011 in
658 2959 907 3013 domibus
946 2959 1229 3025 nobilium,
1258 2967 1316 3012 ut
1352 2958 1495 3012 socio
1534 2960 1685 3012 daret

127 3058 305 3112 locum
344 3057 757 3126 sermocinandi,
811 3058 1171 3125 ignorantiam
1232 3076 1384 3112 suam
1428 3067 1479 3112 et
1528 3058 1684 3111 insci-

130 3157 261 3212 tiam
327 3158 685 3227 praetexebat.
749 3157 847 3222 Qui
915 3159 980 3213 de
1047 3175 1201 3213 servo
1261 3158 1353 3213 Dei
1415 3157 1682 3225 copiosius

1767 1084 1820 1127 de
1844 1085 1949 1128 socii
1972 1100 2039 1128 re-

1849 1140 1949 1192 gula

1776 1202 2032 1239 constanter

1794 1251 2011 1294 servanda
