2315 3559
576 221 678 278 292
836 236 1085 278 Ems‘rom
1123 238 1172 277 R.
1216 238 1262 277 r.
1304 238 1356 277 N.
1401 237 1643 277 Lunovlcl
1684 236 1881 276 MARTIN

575 384 897 454 animusque
963 383 1071 439 iam
1138 384 1231 438 diu
1297 385 1531 452 quadam
1600 382 1849 437 subactus
1915 382 2141 437 mollitie

575 484 870 553 obtorpuit,
941 483 1089 539 omni
1166 483 1450 538 trahentur
1516 499 1769 537 sensuum
1836 481 2136 550 affectione,

575 602 874 653 eorumque
909 583 1302 639 volubilitatem
1340 583 1588 651 vicesque
1627 589 1937 650 sequentur.
1969 581 2141 646 Quare

575 684 989 754 aucupabuntur
1056 682 1358 738 ministeria
1425 682 1671 738 sensibus
1732 682 1906 748 magis
1965 688 2136 749 grata,

576 794 722 841 extra
783 785 1007 840 domum
1064 783 1405 851 vagabuntur
1454 791 1506 838 et
1554 782 1818 850 diffluent,
1872 781 1927 836 in
1983 782 2141 849 nugis

576 886 810 955 denique
884 884 1144 940 solacium
1218 892 1498 953 quaerent,
1563 884 1709 952 quod
1782 882 1837 936 in
1909 882 2141 950 negotiis

577 986 749 1053 magis
817 984 972 1040 seriis
1022 992 1075 1040 et
1130 983 1354 1039 utilibus
1421 983 1748 1039 desiderant.
1799 981 1893 1036 His
1960 989 2140 1037 autem

575 1086 826 1142 inanibus
875 1084 1019 1140 curis
1076 1084 1284 1153 agitati,
1339 1085 1536 1138 frustra
1585 1083 1726 1138 inter
1775 1100 1957 1138 rerum
2007 1082 2144 1137 divi-

574 1205 768 1242 narum
842 1186 1358 1245 commentationem
1438 1184 1664 1253 piasque
1737 1182 2142 1238 exercitationes

573 1287 912 1343 conabuntur
961 1287 1069 1341 Deo
1119 1285 1343 1355 propius
1400 1284 1671 1339 accedere.
1731 1284 1948 1337 Arescet
1996 1281 2140 1336 enim

574 1387 629 1442 in
719 1386 1036 1442 huiusmodi
1120 1384 1433 1440 hominibus
1516 1383 1693 1438 omnis
1777 1381 2141 1451 spiritualium

573 1486 1006 1543 consolationum
1075 1485 1212 1554 fonS,
1289 1484 1384 1554 qui
1451 1501 1512 1538 ex
1579 1482 1822 1537 oratione
1889 1490 1941 1537 et
2007 1481 2143 1537 divi-

574 1605 768 1643 narum
820 1604 1002 1642 rerum
1053 1584 1511 1641 commentatione
1561 1590 1875 1653 promanat;
1929 1590 1981 1637 et
2029 1599 2143 1636 om-

574 1688 664 1744 nia
729 1687 944 1757 pietatis
1017 1686 1286 1754 exercitia,
1357 1685 1554 1755 quibus
1621 1684 1712 1739 alii
1779 1685 2025 1739 levantur
2092 1690 2144 1738 et

575 1795 962 1856 sustentantur,
1017 1786 1295 1842 fastidium
1345 1785 1450 1840 illis
1500 1784 1851 1853 taediumque
1895 1783 2139 1838 afferent.

576 1890 646 1944 Ex
715 1906 824 1958 quo
902 1888 1012 1956 fiet,
1072 1895 1132 1942 ut
1197 1885 1458 1956 paulatim
1527 1884 1957 1952 meditationem,
2028 1901 2143 1938 exa-

575 1990 741 2058 mina,
796 1988 1116 2057 divinasque
1155 2005 1239 2043 res
1278 1985 1476 2056 perosi,
1530 1985 1634 2040 illis
1678 2002 1786 2039 non
1813 1984 1916 2038 nisi
1961 2001 2145 2051 aeger-

576 2089 712 2144 rime
780 2090 1077 2156 adiungant
1142 2087 1405 2154 animum,
1458 2094 1512 2141 et
1560 2084 1783 2140 remisse
1827 2083 1956 2138 dent
2021 2100 2146 2152 ope-

576 2207 713 2258 ram,
766 2197 827 2244 ut
875 2188 1052 2244 officio
1114 2186 1382 2256 perfuncti
1444 2185 1746 2241 videantur.
1809 2184 1983 2252 Atque
2042 2183 2145 2237 uti-

577 2308 703 2346 nam
771 2291 903 2345 haec
988 2290 1210 2344 demum
1278 2303 1386 2342 non
1463 2285 1686 2341 omnino
1754 2283 2014 2350 abiciant;
2084 2300 2145 2338 ex

577 2408 686 2461 quo
725 2390 779 2445 in
824 2406 1102 2445 summum
1147 2387 1441 2457 spiritualis
1486 2386 1675 2441 ruinae
1718 2383 2010 2439 discrimen
2053 2384 2145 2439 ad-

577 2491 867 2546 ducantur!
955 2488 1317 2545 Miserrimum
1401 2494 1581 2542 autem
1665 2487 1764 2540 hac
1837 2485 1892 2540 in
1964 2501 2021 2539 re
2094 2492 2146 2538 et

577 2592 845 2647 malorum
895 2589 1142 2645 omnium
1192 2587 1619 2643 funestissimum
1670 2585 1802 2640 illud
1852 2591 1949 2652 est,
1996 2582 2142 2653 quod

578 2693 709 2747 haec
777 2691 919 2746 mala
968 2698 1021 2745 et
1071 2689 1418 2744 incommoda
1483 2685 1825 2756 gravissima,
1878 2702 2016 2753 quae
2083 2701 2144 2739 ex

580 2793 669 2848 illa
742 2791 938 2846 mentis
1018 2789 1336 2857 evagatione
1408 2796 1460 2844 et
1531 2786 1709 2841 cordis
1782 2783 2140 2851 aberratione,

579 2891 659 2946 uti
727 2889 946 2946 effectus
1008 2907 1038 2943 a
1093 2888 1205 2943 suis
1271 2887 1464 2955 causiS,
1534 2891 1957 2953 consequuntur,
2027 2882 2143 2936 illas

582 2993 725 3062 ipsas
803 3007 991 3046 causas
1068 2991 1237 3058 alunt,
1309 2990 1510 3056 fovent,
1580 2994 1633 3042 et
1698 2984 1895 3040 cotidie
1971 2982 2143 3050 magis

581 3100 797 3161 augent.
858 3091 991 3147 Cum
1049 3090 1193 3145 enim
1245 3097 1437 3145 natura
1488 3089 1561 3143 ita
1604 3084 1925 3142 conformati
1975 3084 2142 3138 simus

581 3202 641 3250 ut
678 3193 890 3250 animus
934 3191 1117 3261 aliquo
1156 3190 1431 3246 fulcimine
1469 3197 1521 3244 et
1558 3186 1799 3243 subsidio
1842 3182 2143 3240 necessario
