<?xml version="1.0" encoding="UTF-8"?>
<!DOCTYPE html PUBLIC "-//W3C//DTD XHTML 1.0 Transitional//EN"
    "http://www.w3.org/TR/xhtml1/DTD/xhtml1-transitional.dtd">
<html xmlns="http://www.w3.org/1999/xhtml" xml:lang="en" lang="en">
 <head>
  <title>
</title>
<meta http-equiv="Content-Type" content="text/html;charset=utf-8" />
  <meta name='ocr-system' content='tesseract 3.04.00' />
  <meta name='ocr-capabilities' content='ocr_page ocr_carea ocr_par ocr_line ocrx_word'/>
</head>
<body>
  <div class='ocr_page' id='page_1' title='image "./epistolaepraepos04jesu_0447.png"; bbox 0 0 2315 3559; ppageno 0'>
   <div class='ocr_carea' id='block_1_1' title="bbox 768 227 1705 284">
    <p class='ocr_par' dir='ltr' id='par_1_1' title="bbox 768 227 1705 284">
     <span class='ocr_line' id='line_1_1' title="bbox 768 227 1705 284; baseline -0.002 0"><span class='ocrx_word' id='word_1_1' title='bbox 768 245 871 284; x_wconf 82' lang='lat' dir='ltr'>FAM</span> <span class='ocrx_word' id='word_1_2' title='bbox 899 260 966 266; x_wconf 95' lang='lat'>—</span> <span class='ocrx_word' id='word_1_3' title='bbox 992 244 1092 282; x_wconf 84' lang='lat' dir='ltr'>FER</span> <span class='ocrx_word' id='word_1_4' title='bbox 1605 227 1705 283; x_wconf 84' lang='grc'>435</span> 
     </span>
    </p>
   </div>
   <div class='ocr_carea' id='block_1_2' title="bbox 157 388 1718 1130">
    <p class='ocr_par' dir='ltr' id='par_1_2' title="bbox 157 388 1716 959">
     <span class='ocr_line' id='line_1_2' title="bbox 210 388 1709 446; baseline -0.003 -9"><span class='ocrx_word' id='word_1_5' title='bbox 210 391 327 446; x_wconf 84' lang='lat' dir='ltr'>Ergo</span> <span class='ocrx_word' id='word_1_6' title='bbox 351 392 403 436; x_wconf 87' lang='lat' dir='ltr'>ab</span> <span class='ocrx_word' id='word_1_7' title='bbox 427 392 544 436; x_wconf 93' lang='lat' dir='ltr'>omni</span> <span class='ocrx_word' id='word_1_8' title='bbox 581 391 728 446; x_wconf 90' lang='lat' dir='ltr'>specie</span> <span class='ocrx_word' id='word_1_9' title='bbox 762 390 879 444; x_wconf 89' lang='lat' dir='ltr'>mali,</span> <span class='ocrx_word' id='word_1_10' title='bbox 915 390 959 434; x_wconf 92' lang='lat' dir='ltr'>in</span> <span class='ocrx_word' id='word_1_11' title='bbox 996 390 1137 443; x_wconf 89' lang='lat' dir='ltr'>dictis,</span> <span class='ocrx_word' id='word_1_12' title='bbox 1174 390 1216 433; x_wconf 91' lang='lat' dir='ltr'>in</span> <span class='ocrx_word' id='word_1_13' title='bbox 1253 388 1378 434; x_wconf 84' lang='lat' dir='ltr'>factis</span> <span class='ocrx_word' id='word_1_14' title='bbox 1413 389 1709 434; x_wconf 78' lang='lat' dir='ltr'>abstineamus</span> 
     </span>
     <span class='ocr_line' id='line_1_3' title="bbox 157 474 1711 531; baseline -0.002 -10"><span class='ocrx_word' id='word_1_15' title='bbox 157 478 227 530; x_wconf 89' lang='grc' dir='ltr'>(ΙΙ,</span> <span class='ocrx_word' id='word_1_16' title='bbox 266 477 360 522; x_wconf 90' lang='grc'>439.</span> <span class='ocrx_word' id='word_1_17' title='bbox 400 478 469 528; x_wconf 85' lang='lat'><strong>111,</strong></span> <span class='ocrx_word' id='word_1_18' title='bbox 503 476 616 531; x_wconf 90' lang='lat'><strong>203),</strong></span> <span class='ocrx_word' id='word_1_19' title='bbox 654 477 707 521; x_wconf 88' lang='lat' dir='ltr'>de</span> <span class='ocrx_word' id='word_1_20' title='bbox 747 476 962 521; x_wconf 85' lang='lat' dir='ltr'>Societate</span> <span class='ocrx_word' id='word_1_21' title='bbox 1002 476 1099 531; x_wconf 82' lang='lat' dir='ltr'>ipsa</span> <span class='ocrx_word' id='word_1_22' title='bbox 1132 476 1317 529; x_wconf 88' lang='lat' dir='ltr'>eiusque</span> <span class='ocrx_word' id='word_1_23' title='bbox 1358 474 1583 519; x_wconf 82' lang='lat' dir='ltr'>laboribus</span> <span class='ocrx_word' id='word_1_24' title='bbox 1622 488 1711 519; x_wconf 93' lang='lat' dir='ltr'>non</span> 
     </span>
     <span class='ocr_line' id='line_1_4' title="bbox 157 563 1712 619; baseline -0.001 -11"><span class='ocrx_word' id='word_1_25' title='bbox 157 564 466 619; x_wconf 83' lang='lat' dir='ltr'><strong>superbientes</strong></span> <span class='ocrx_word' id='word_1_26' title='bbox 488 564 557 617; x_wconf 91' lang='grc' dir='ltr'>(ΙΙ,</span> <span class='ocrx_word' id='word_1_27' title='bbox 580 563 675 616; x_wconf 85' lang='grc'>315,</span> <span class='ocrx_word' id='word_1_28' title='bbox 699 563 812 617; x_wconf 93' lang='grc'>316),</span> <span class='ocrx_word' id='word_1_29' title='bbox 838 577 926 607; x_wconf 92' lang='lat' dir='ltr'>non</span> <span class='ocrx_word' id='word_1_30' title='bbox 948 563 1132 607; x_wconf 88' lang='lat' dir='ltr'>aliorum</span> <span class='ocrx_word' id='word_1_31' title='bbox 1154 563 1356 607; x_wconf 81' lang='lat' dir='ltr'>laudibus</span> <span class='ocrx_word' id='word_1_32' title='bbox 1379 576 1428 606; x_wconf 89' lang='lat' dir='ltr'>ac</span> <span class='ocrx_word' id='word_1_33' title='bbox 1444 568 1566 607; x_wconf 90' lang='lat' dir='ltr'>recte</span> <span class='ocrx_word' id='word_1_34' title='bbox 1586 563 1712 606; x_wconf 83' lang='lat' dir='ltr'>factis</span> 
     </span>
     <span class='ocr_line' id='line_1_5' title="bbox 157 648 1710 703; baseline -0.001 -9"><span class='ocrx_word' id='word_1_35' title='bbox 157 649 406 694; x_wconf 82' lang='lat' dir='ltr'>invidentes</span> <span class='ocrx_word' id='word_1_36' title='bbox 430 650 501 703; x_wconf 92' lang='lat' dir='ltr'>(ll,</span> <span class='ocrx_word' id='word_1_37' title='bbox 523 649 619 701; x_wconf 82' lang='lat'><strong>317,</strong></span> <span class='ocrx_word' id='word_1_38' title='bbox 642 648 754 702; x_wconf 89' lang='grc'>318),</span> <span class='ocrx_word' id='word_1_39' title='bbox 781 649 858 693; x_wconf 92' lang='lat' dir='ltr'>sed</span> <span class='ocrx_word' id='word_1_40' title='bbox 882 649 934 693; x_wconf 90' lang='lat' dir='ltr'>de</span> <span class='ocrx_word' id='word_1_41' title='bbox 958 649 1177 701; x_wconf 91' lang='lat' dir='ltr'>omnibus,</span> <span class='ocrx_word' id='word_1_42' title='bbox 1202 648 1435 702; x_wconf 83' lang='lat' dir='ltr'>Religiosis</span> <span class='ocrx_word' id='word_1_43' title='bbox 1455 648 1710 703; x_wconf 83' lang='lat' dir='ltr'>praecipue,</span> 
     </span>
     <span class='ocr_line' id='line_1_6' title="bbox 157 732 1714 789; baseline -0.001 -11"><span class='ocrx_word' id='word_1_44' title='bbox 157 740 205 778; x_wconf 91' lang='lat' dir='ltr'>ut</span> <span class='ocrx_word' id='word_1_45' title='bbox 224 748 305 789; x_wconf 89' lang='lat' dir='ltr'>par</span> <span class='ocrx_word' id='word_1_46' title='bbox 326 740 406 787; x_wconf 93' lang='lat' dir='ltr'>est,</span> <span class='ocrx_word' id='word_1_47' title='bbox 430 734 672 778; x_wconf 91' lang='lat' dir='ltr'>honorifice</span> <span class='ocrx_word' id='word_1_48' title='bbox 694 740 824 788; x_wconf 85' lang='lat' dir='ltr'>atque</span> <span class='ocrx_word' id='word_1_49' title='bbox 848 734 1043 779; x_wconf 86' lang='lat' dir='ltr'>officiose</span> <span class='ocrx_word' id='word_1_50' title='bbox 1072 734 1305 788; x_wconf 86' lang='lat' dir='ltr'>loquentes</span> <span class='ocrx_word' id='word_1_51' title='bbox 1327 734 1376 787; x_wconf 88' lang='lat' dir='ltr'><strong>(I,</strong></span> <span class='ocrx_word' id='word_1_52' title='bbox 1396 732 1494 787; x_wconf 90' lang='lat'>382)</span> <span class='ocrx_word' id='word_1_53' title='bbox 1516 739 1559 777; x_wconf 92' lang='lat' dir='ltr'>et</span> <span class='ocrx_word' id='word_1_54' title='bbox 1579 733 1714 777; x_wconf 88' lang='lat' dir='ltr'>decus</span> 
     </span>
     <span class='ocr_line' id='line_1_7' title="bbox 159 818 1716 873; baseline -0.001 -10"><span class='ocrx_word' id='word_1_55' title='bbox 159 819 386 864; x_wconf 86' lang='lat' dir='ltr'>Societatis</span> <span class='ocrx_word' id='word_1_56' title='bbox 417 825 593 863; x_wconf 87' lang='lat' dir='ltr'>tuentes</span> <span class='ocrx_word' id='word_1_57' title='bbox 624 818 945 873; x_wconf 82' lang='lat' dir='ltr'>colloquiorum</span> <span class='ocrx_word' id='word_1_58' title='bbox 978 819 1207 863; x_wconf 82' lang='lat' dir='ltr'>sanctitate</span> <span class='ocrx_word' id='word_1_59' title='bbox 1239 818 1310 871; x_wconf 88' lang='lat' dir='ltr'>(ll,</span> <span class='ocrx_word' id='word_1_60' title='bbox 1342 818 1455 872; x_wconf 88' lang='lat'><strong>284),</strong></span> <span class='ocrx_word' id='word_1_61' title='bbox 1489 818 1541 862; x_wconf 84' lang='lat' dir='ltr'>ad</span> <span class='ocrx_word' id='word_1_62' title='bbox 1574 832 1716 862; x_wconf 77' lang='lat' dir='ltr'>exem-</span> 
     </span>
     <span class='ocr_line' id='line_1_8' title="bbox 158 902 1712 959; baseline -0.002 -11"><span class='ocrx_word' id='word_1_63' title='bbox 158 903 278 958; x_wconf 88' lang='lat' dir='ltr'>plum</span> <span class='ocrx_word' id='word_1_64' title='bbox 299 904 341 948; x_wconf 87' lang='lat' dir='ltr'>S.</span> <span class='ocrx_word' id='word_1_65' title='bbox 366 903 626 948; x_wconf 88' lang='lat' dir='ltr'>Fundatoris</span> <span class='ocrx_word' id='word_1_66' title='bbox 658 904 796 948; x_wconf 87' lang='lat' dir='ltr'>nostri</span> <span class='ocrx_word' id='word_1_67' title='bbox 818 904 868 957; x_wconf 69' lang='lat' dir='ltr'>(sl,</span> <span class='ocrx_word' id='word_1_68' title='bbox 893 903 990 957; x_wconf 82' lang='lat'>460)</span> <span class='ocrx_word' id='word_1_69' title='bbox 1013 910 1055 948; x_wconf 88' lang='lat' dir='ltr'>et</span> <span class='ocrx_word' id='word_1_70' title='bbox 1074 903 1319 959; x_wconf 87' lang='lat' dir='ltr'>primorum</span> <span class='ocrx_word' id='word_1_71' title='bbox 1337 903 1513 947; x_wconf 86' lang='lat' dir='ltr'>Patrum</span> <span class='ocrx_word' id='word_1_72' title='bbox 1530 902 1580 955; x_wconf 94' lang='grc' dir='ltr'>(Ι,</span> <span class='ocrx_word' id='word_1_73' title='bbox 1599 902 1712 956; x_wconf 89' lang='grc'>385).</span> 
     </span>
    </p>

    <p class='ocr_par' dir='ltr' id='par_1_3' title="bbox 161 988 1718 1130">
     <span class='ocr_line' id='line_1_9' title="bbox 215 988 1718 1044; baseline -0.001 -10"><span class='ocrx_word' id='word_1_74' title='bbox 215 989 259 1034; x_wconf 93' lang='grc'>30</span> <span class='ocrx_word' id='word_1_75' title='bbox 288 989 352 1034; x_wconf 89' lang='lat' dir='ltr'>Ad</span> <span class='ocrx_word' id='word_1_76' title='bbox 374 995 604 1034; x_wconf 73' lang='lat' dir='ltr'>externum</span> <span class='ocrx_word' id='word_1_77' title='bbox 628 1003 807 1044; x_wconf 86' lang='lat' dir='ltr'>quoque</span> <span class='ocrx_word' id='word_1_78' title='bbox 829 989 1050 1034; x_wconf 91' lang='lat' dir='ltr'>hominem</span> <span class='ocrx_word' id='word_1_79' title='bbox 1074 996 1244 1044; x_wconf 90' lang='lat' dir='ltr'>spectat</span> <span class='ocrx_word' id='word_1_80' title='bbox 1265 989 1448 1034; x_wconf 92' lang='lat' dir='ltr'>scientia</span> <span class='ocrx_word' id='word_1_81' title='bbox 1468 1003 1550 1044; x_wconf 90' lang='lat' dir='ltr'>per</span> <span class='ocrx_word' id='word_1_82' title='bbox 1570 988 1718 1034; x_wconf 89' lang='lat' dir='ltr'>indus·</span> 
     </span>
     <span class='ocr_line' id='line_1_10' title="bbox 161 1074 1292 1130; baseline 0 -11"><span class='ocrx_word' id='word_1_83' title='bbox 161 1075 288 1120; x_wconf 85' lang='lat' dir='ltr'>triam</span> <span class='ocrx_word' id='word_1_84' title='bbox 311 1075 525 1129; x_wconf 86' lang='lat' dir='ltr'>acquisita</span> <span class='ocrx_word' id='word_1_85' title='bbox 546 1075 617 1129; x_wconf 91' lang='lat' dir='ltr'>(ll,</span> <span class='ocrx_word' id='word_1_86' title='bbox 641 1075 738 1128; x_wconf 94' lang='grc'>407)</span> <span class='ocrx_word' id='word_1_87' title='bbox 764 1090 773 1119; x_wconf 93' lang='lat'>:</span> <span class='ocrx_word' id='word_1_88' title='bbox 797 1075 851 1120; x_wconf 89' lang='lat' dir='ltr'>de</span> <span class='ocrx_word' id='word_1_89' title='bbox 874 1089 959 1130; x_wconf 86' lang='lat' dir='ltr'>qua</span> <span class='ocrx_word' id='word_1_90' title='bbox 980 1074 1057 1119; x_wconf 68' lang='lat' dir='ltr'>vid</span> <span class='ocrx_word' id='word_1_91' title='bbox 1078 1074 1292 1121; x_wconf 81' lang='lat' dir='ltr'>Scientia.</span> 
     </span>
    </p>
   </div>
   <div class='ocr_carea' id='block_1_3' title="bbox 247 1224 1718 1316">
    <p class='ocr_par' dir='ltr' id='par_1_4' title="bbox 247 1224 1718 1316">
     <span class='ocr_line' id='line_1_11' title="bbox 247 1224 1718 1316; baseline 0.003 -12"><span class='ocrx_word' id='word_1_92' title='bbox 247 1224 656 1308; x_wconf 74' lang='lat' dir='ltr'><strong>FAMILIARITAS</strong></span> <span class='ocrx_word' id='word_1_93' title='bbox 688 1276 786 1308; x_wconf 90' lang='lat' dir='ltr'>cum</span> <span class='ocrx_word' id='word_1_94' title='bbox 810 1262 899 1307; x_wconf 89' lang='lat' dir='ltr'>Deo</span> <span class='ocrx_word' id='word_1_95' title='bbox 922 1263 992 1316; x_wconf 89' lang='grc' dir='ltr'>(ΙΙ,</span> <span class='ocrx_word' id='word_1_96' title='bbox 1017 1263 1114 1316; x_wconf 95' lang='grc'>406)</span> <span class='ocrx_word' id='word_1_97' title='bbox 1140 1278 1148 1307; x_wconf 90' lang='lat'>:</span> <span class='ocrx_word' id='word_1_98' title='bbox 1172 1262 1263 1308; x_wconf 73' lang='lat' dir='ltr'>vid.</span> <span class='ocrx_word' id='word_1_99' title='bbox 1286 1263 1525 1308; x_wconf 81' lang='lat' dir='ltr'>Interiora.</span> <span class='ocrx_word' id='word_1_100' title='bbox 1550 1262 1718 1308; x_wconf 85' lang='lat' dir='ltr'>Oratio.</span> 
     </span>
    </p>
   </div>
   <div class='ocr_carea' id='block_1_4' title="bbox 162 1372 1734 3128">
    <p class='ocr_par' dir='ltr' id='par_1_5' title="bbox 218 1372 1720 1427">
     <span class='ocr_line' id='line_1_12' title="bbox 218 1372 1720 1427; baseline 0 -11"><span class='ocrx_word' id='word_1_101' title='bbox 218 1372 436 1418; x_wconf 83' lang='lat' dir='ltr'>FERVOR</span> <span class='ocrx_word' id='word_1_102' title='bbox 453 1373 497 1416; x_wconf 91' lang='lat' dir='ltr'>in</span> <span class='ocrx_word' id='word_1_103' title='bbox 515 1373 668 1417; x_wconf 92' lang='lat' dir='ltr'>studiis</span> <span class='ocrx_word' id='word_1_104' title='bbox 686 1373 929 1417; x_wconf 87' lang='lat' dir='ltr'>litterarum</span> <span class='ocrx_word' id='word_1_105' title='bbox 946 1373 996 1427; x_wconf 92' lang='grc' dir='ltr'>(Ι,</span> <span class='ocrx_word' id='word_1_106' title='bbox 1018 1373 1086 1426; x_wconf 86' lang='grc'>15)</span> <span class='ocrx_word' id='word_1_107' title='bbox 1107 1373 1226 1417; x_wconf 58' lang='lat' dir='ltr'>wid.</span> <span class='ocrx_word' id='word_1_108' title='bbox 1246 1373 1530 1426; x_wconf 81' lang='lat' dir='ltr'>scholastici,</span> <span class='ocrx_word' id='word_1_109' title='bbox 1547 1372 1720 1417; x_wconf 76' lang='lat' dir='ltr'>Studia.</span> 
     </span>
    </p>

    <p class='ocr_par' dir='ltr' id='par_1_6' title="bbox 162 1459 1720 1590">
     <span class='ocr_line' id='line_1_13' title="bbox 217 1459 1720 1514; baseline -0.001 -11"><span class='ocrx_word' id='word_1_110' title='bbox 217 1459 387 1504; x_wconf 83' lang='lat' dir='ltr'>Fervor</span> <span class='ocrx_word' id='word_1_111' title='bbox 407 1459 452 1503; x_wconf 89' lang='lat' dir='ltr'>in</span> <span class='ocrx_word' id='word_1_112' title='bbox 475 1459 618 1503; x_wconf 88' lang='lat' dir='ltr'>studio</span> <span class='ocrx_word' id='word_1_113' title='bbox 640 1459 928 1514; x_wconf 87' lang='lat' dir='ltr'>perfectionis</span> <span class='ocrx_word' id='word_1_114' title='bbox 949 1460 1000 1513; x_wconf 94' lang='lat' dir='ltr'><strong>(I,</strong></span> <span class='ocrx_word' id='word_1_115' title='bbox 1025 1459 1121 1513; x_wconf 87' lang='lat'>149)</span> <span class='ocrx_word' id='word_1_116' title='bbox 1143 1460 1275 1504; x_wconf 89' lang='lat' dir='ltr'>debet</span> <span class='ocrx_word' id='word_1_117' title='bbox 1295 1473 1393 1504; x_wconf 90' lang='lat' dir='ltr'>esse</span> <span class='ocrx_word' id='word_1_118' title='bbox 1414 1473 1617 1513; x_wconf 86' lang='lat' dir='ltr'>magnus,</span> <span class='ocrx_word' id='word_1_119' title='bbox 1640 1471 1720 1502; x_wconf 91' lang='lat' dir='ltr'>nec</span> 
     </span>
     <span class='ocr_line' id='line_1_14' title="bbox 162 1544 605 1590; baseline 0 -1"><span class='ocrx_word' id='word_1_120' title='bbox 162 1550 310 1590; x_wconf 90' lang='lat' dir='ltr'>tamen</span> <span class='ocrx_word' id='word_1_121' title='bbox 330 1544 605 1590; x_wconf 90' lang='lat' dir='ltr'>immodicus.</span> 
     </span>
    </p>

    <p class='ocr_par' dir='ltr' id='par_1_7' title="bbox 165 1629 1724 1770">
     <span class='ocr_line' id='line_1_15' title="bbox 221 1629 1724 1686; baseline -0.001 -11"><span class='ocrx_word' id='word_1_122' title='bbox 221 1631 420 1686; x_wconf 59' lang='lat' dir='ltr'>Magnus</span> <span class='ocrx_word' id='word_1_123' title='bbox 441 1630 684 1685; x_wconf 86' lang='lat' dir='ltr'>requiritur</span> <span class='ocrx_word' id='word_1_124' title='bbox 706 1630 759 1674; x_wconf 88' lang='lat' dir='ltr'>ad</span> <span class='ocrx_word' id='word_1_125' title='bbox 781 1630 999 1686; x_wconf 86' lang='lat' dir='ltr'>duplicem</span> <span class='ocrx_word' id='word_1_126' title='bbox 1020 1630 1152 1674; x_wconf 89' lang='lat' dir='ltr'>finem</span> <span class='ocrx_word' id='word_1_127' title='bbox 1174 1636 1375 1675; x_wconf 90' lang='lat' dir='ltr'>nostrum</span> <span class='ocrx_word' id='word_1_128' title='bbox 1398 1629 1724 1684; x_wconf 81' lang='lat' dir='ltr'>assequendum</span> 
     </span>
     <span class='ocr_line' id='line_1_16' title="bbox 165 1715 853 1770; baseline 0.001 -10"><span class='ocrx_word' id='word_1_129' title='bbox 165 1716 215 1770; x_wconf 80' lang='grc' dir='ltr'>(Ι,</span> <span class='ocrx_word' id='word_1_130' title='bbox 235 1717 274 1769; x_wconf 91' lang='grc'>4,</span> <span class='ocrx_word' id='word_1_131' title='bbox 300 1715 393 1767; x_wconf 79' lang='grc'>123,</span> <span class='ocrx_word' id='word_1_132' title='bbox 414 1716 524 1770; x_wconf 86' lang='grc'>124),</span> <span class='ocrx_word' id='word_1_133' title='bbox 546 1723 589 1761; x_wconf 92' lang='lat' dir='ltr'>et</span> <span class='ocrx_word' id='word_1_134' title='bbox 610 1717 819 1761; x_wconf 83' lang='lat' dir='ltr'>suadetur</span> <span class='ocrx_word' id='word_1_135' title='bbox 842 1729 853 1760; x_wconf 92' lang='grc'>.·</span> 
     </span>
    </p>

    <p class='ocr_par' dir='ltr' id='par_1_8' title="bbox 222 1800 1724 1856">
     <span class='ocr_line' id='line_1_17' title="bbox 222 1800 1724 1856; baseline -0.001 -11"><span class='ocrx_word' id='word_1_136' title='bbox 222 1803 265 1845; x_wconf 89' lang='grc'>10</span> <span class='ocrx_word' id='word_1_137' title='bbox 294 1801 518 1856; x_wconf 78' lang='lat' dir='ltr'>Exemplis</span> <span class='ocrx_word' id='word_1_138' title='bbox 538 1802 728 1847; x_wconf 84' lang='lat' dir='ltr'>filiorum</span> <span class='ocrx_word' id='word_1_139' title='bbox 751 1802 914 1847; x_wconf 88' lang='lat' dir='ltr'>saeculi</span> <span class='ocrx_word' id='word_1_140' title='bbox 935 1802 979 1846; x_wconf 91' lang='lat' dir='ltr'>in</span> <span class='ocrx_word' id='word_1_141' title='bbox 1001 1802 1082 1846; x_wconf 80' lang='lat' dir='ltr'>viis</span> <span class='ocrx_word' id='word_1_142' title='bbox 1105 1801 1194 1846; x_wconf 88' lang='lat' dir='ltr'>suis</span> <span class='ocrx_word' id='word_1_143' title='bbox 1216 1802 1266 1855; x_wconf 94' lang='grc' dir='ltr'>(Ι,</span> <span class='ocrx_word' id='word_1_144' title='bbox 1282 1802 1322 1846; x_wconf 88' lang='grc'>5.</span> <span class='ocrx_word' id='word_1_145' title='bbox 1342 1801 1394 1854; x_wconf 93' lang='lat' dir='ltr'>lI,</span> <span class='ocrx_word' id='word_1_146' title='bbox 1413 1801 1507 1846; x_wconf 92' lang='lat'>201.</span> <span class='ocrx_word' id='word_1_147' title='bbox 1525 1800 1724 1854; x_wconf 87' lang='grc' dir='ltr'>ΙΙΙ,260).</span> 
     </span>
    </p>

    <p class='ocr_par' dir='ltr' id='par_1_9' title="bbox 221 1887 1546 1943">
     <span class='ocr_line' id='line_1_18' title="bbox 221 1887 1546 1943; baseline -0.002 -11"><span class='ocrx_word' id='word_1_148' title='bbox 221 1887 266 1932; x_wconf 91' lang='grc'>20</span> <span class='ocrx_word' id='word_1_149' title='bbox 295 1887 528 1932; x_wconf 85' lang='lat' dir='ltr'>Fructibus</span> <span class='ocrx_word' id='word_1_150' title='bbox 551 1902 663 1942; x_wconf 72' lang='lat' dir='ltr'>quos</span> <span class='ocrx_word' id='word_1_151' title='bbox 687 1888 839 1932; x_wconf 74' lang='lat' dir='ltr'>fervor</span> <span class='ocrx_word' id='word_1_152' title='bbox 860 1888 1066 1943; x_wconf 88' lang='lat' dir='ltr'>producit</span> <span class='ocrx_word' id='word_1_153' title='bbox 1086 1888 1136 1942; x_wconf 96' lang='grc' dir='ltr'>(Ι,</span> <span class='ocrx_word' id='word_1_154' title='bbox 1160 1887 1200 1941; x_wconf 90' lang='grc'>6,</span> <span class='ocrx_word' id='word_1_155' title='bbox 1224 1888 1292 1942; x_wconf 89' lang='grc'>91,</span> <span class='ocrx_word' id='word_1_156' title='bbox 1316 1888 1410 1937; x_wconf 87' lang='grc'>141,</span> <span class='ocrx_word' id='word_1_157' title='bbox 1436 1887 1546 1941; x_wconf 89' lang='grc'>157).</span> 
     </span>
    </p>

    <p class='ocr_par' dir='ltr' id='par_1_10' title="bbox 223 1971 1724 2027">
     <span class='ocr_line' id='line_1_19' title="bbox 223 1971 1724 2027; baseline -0.001 -11"><span class='ocrx_word' id='word_1_158' title='bbox 223 1971 267 2016; x_wconf 90' lang='lat'>30</span> <span class='ocrx_word' id='word_1_159' title='bbox 297 1971 501 2016; x_wconf 86' lang='lat' dir='ltr'>Mercede</span> <span class='ocrx_word' id='word_1_160' title='bbox 516 1972 737 2027; x_wconf 89' lang='lat' dir='ltr'>promissa</span> <span class='ocrx_word' id='word_1_161' title='bbox 753 1972 946 2026; x_wconf 85' lang='lat' dir='ltr'>legitime</span> <span class='ocrx_word' id='word_1_162' title='bbox 963 1973 1234 2017; x_wconf 82' lang='lat' dir='ltr'>certantibus</span> <span class='ocrx_word' id='word_1_163' title='bbox 1248 1973 1416 2026; x_wconf 84' lang='grc' dir='ltr'>(Ι,7,94,</span> <span class='ocrx_word' id='word_1_164' title='bbox 1433 1972 1526 2016; x_wconf 87' lang='grc'>324.</span> <span class='ocrx_word' id='word_1_165' title='bbox 1545 1972 1597 2026; x_wconf 93' lang='grc' dir='ltr'>ΙΙ,</span> <span class='ocrx_word' id='word_1_166' title='bbox 1612 1972 1724 2025; x_wconf 89' lang='grc'>268).</span> 
     </span>
    </p>

    <p class='ocr_par' dir='ltr' id='par_1_11' title="bbox 172 2058 1730 2285">
     <span class='ocr_line' id='line_1_20' title="bbox 223 2058 1724 2113; baseline 0.001 -11"><span class='ocrx_word' id='word_1_167' title='bbox 223 2059 267 2102; x_wconf 92' lang='grc'>40</span> <span class='ocrx_word' id='word_1_168' title='bbox 297 2059 375 2104; x_wconf 92' lang='lat' dir='ltr'>Dei</span> <span class='ocrx_word' id='word_1_169' title='bbox 412 2058 640 2102; x_wconf 89' lang='lat' dir='ltr'>beneficiis</span> <span class='ocrx_word' id='word_1_170' title='bbox 680 2059 953 2103; x_wconf 85' lang='lat' dir='ltr'>naturalibus</span> <span class='ocrx_word' id='word_1_171' title='bbox 992 2064 1036 2103; x_wconf 88' lang='lat' dir='ltr'>et</span> <span class='ocrx_word' id='word_1_172' title='bbox 1075 2058 1485 2113; x_wconf 86' lang='lat' dir='ltr'>supernaturalibus</span> <span class='ocrx_word' id='word_1_173' title='bbox 1525 2058 1575 2112; x_wconf 93' lang='grc'>(1,</span> <span class='ocrx_word' id='word_1_174' title='bbox 1612 2059 1652 2112; x_wconf 92' lang='grc'>8,</span> <span class='ocrx_word' id='word_1_175' title='bbox 1685 2060 1724 2111; x_wconf 86' lang='grc'>9,</span> 
     </span>
     <span class='ocr_line' id='line_1_21' title="bbox 173 2143 1730 2200; baseline 0 -12"><span class='ocrx_word' id='word_1_176' title='bbox 173 2143 367 2197; x_wconf 90' lang='grc'>134-139,</span> <span class='ocrx_word' id='word_1_177' title='bbox 390 2144 585 2189; x_wconf 88' lang='grc'>240-244.</span> <span class='ocrx_word' id='word_1_178' title='bbox 607 2145 656 2195; x_wconf 86' lang='lat'>11,</span> <span class='ocrx_word' id='word_1_179' title='bbox 672 2144 767 2189; x_wconf 84' lang='lat'><strong>338.</strong></span> <span class='ocrx_word' id='word_1_180' title='bbox 787 2145 857 2198; x_wconf 93' lang='grc' dir='ltr'>ΙΙΙ,</span> <span class='ocrx_word' id='word_1_181' title='bbox 879 2145 991 2199; x_wconf 90' lang='grc'>131),</span> <span class='ocrx_word' id='word_1_182' title='bbox 1011 2145 1064 2190; x_wconf 90' lang='lat' dir='ltr'>de</span> <span class='ocrx_word' id='word_1_183' title='bbox 1087 2145 1247 2200; x_wconf 86' lang='lat' dir='ltr'>quibus</span> <span class='ocrx_word' id='word_1_184' title='bbox 1267 2146 1378 2189; x_wconf 91' lang='lat' dir='ltr'>ratio</span> <span class='ocrx_word' id='word_1_185' title='bbox 1400 2145 1626 2190; x_wconf 89' lang='lat' dir='ltr'>reddenda</span> <span class='ocrx_word' id='word_1_186' title='bbox 1647 2145 1730 2189; x_wconf 90' lang='lat' dir='ltr'>erit</span> 
     </span>
     <span class='ocr_line' id='line_1_22' title="bbox 172 2229 921 2285; baseline 0 -11"><span class='ocrx_word' id='word_1_187' title='bbox 172 2229 301 2274; x_wconf 92' lang='lat' dir='ltr'>nobis</span> <span class='ocrx_word' id='word_1_188' title='bbox 322 2230 374 2284; x_wconf 87' lang='lat' dir='ltr'>(l,</span> <span class='ocrx_word' id='word_1_189' title='bbox 398 2229 590 2274; x_wconf 85' lang='grc'>153-156.</span> <span class='ocrx_word' id='word_1_190' title='bbox 615 2230 666 2285; x_wconf 89' lang='grc' dir='ltr'>ΙΙ,</span> <span class='ocrx_word' id='word_1_191' title='bbox 689 2230 784 2283; x_wconf 87' lang='grc'>254,</span> <span class='ocrx_word' id='word_1_192' title='bbox 808 2230 921 2284; x_wconf 87' lang='grc'>255).</span> 
     </span>
    </p>

    <p class='ocr_par' dir='ltr' id='par_1_12' title="bbox 174 2314 1730 2541">
     <span class='ocr_line' id='line_1_23' title="bbox 227 2314 1726 2370; baseline 0 -11"><span class='ocrx_word' id='word_1_193' title='bbox 227 2315 272 2359; x_wconf 87' lang='grc'>50</span> <span class='ocrx_word' id='word_1_194' title='bbox 300 2314 488 2360; x_wconf 85' lang='lat' dir='ltr'>Caritate</span> <span class='ocrx_word' id='word_1_195' title='bbox 510 2315 666 2360; x_wconf 89' lang='lat' dir='ltr'>Christi</span> <span class='ocrx_word' id='word_1_196' title='bbox 691 2316 764 2370; x_wconf 86' lang='lat' dir='ltr'>qui</span> <span class='ocrx_word' id='word_1_197' title='bbox 799 2329 846 2360; x_wconf 91' lang='lat' dir='ltr'>se</span> <span class='ocrx_word' id='word_1_198' title='bbox 870 2316 1014 2370; x_wconf 91' lang='lat' dir='ltr'>ipsum</span> <span class='ocrx_word' id='word_1_199' title='bbox 1037 2316 1155 2361; x_wconf 89' lang='lat' dir='ltr'>dedit</span> <span class='ocrx_word' id='word_1_200' title='bbox 1176 2315 1304 2360; x_wconf 87' lang='lat' dir='ltr'>nobis</span> <span class='ocrx_word' id='word_1_201' title='bbox 1327 2315 1592 2370; x_wconf 85' lang='lat' dir='ltr'>stipendium</span> <span class='ocrx_word' id='word_1_202' title='bbox 1614 2315 1665 2368; x_wconf 87' lang='grc' dir='ltr'>(Ι,</span> <span class='ocrx_word' id='word_1_203' title='bbox 1687 2315 1726 2359; x_wconf 92' lang='grc'>9.</span> 
     </span>
     <span class='ocr_line' id='line_1_24' title="bbox 176 2400 1730 2456; baseline -0.001 -11"><span class='ocrx_word' id='word_1_204' title='bbox 176 2401 247 2454; x_wconf 92' lang='grc' dir='ltr'>ΙΙΙ,</span> <span class='ocrx_word' id='word_1_205' title='bbox 273 2401 338 2454; x_wconf 91' lang='grc'>18,</span> <span class='ocrx_word' id='word_1_206' title='bbox 363 2401 430 2454; x_wconf 90' lang='grc'>97,</span> <span class='ocrx_word' id='word_1_207' title='bbox 464 2400 576 2453; x_wconf 89' lang='grc'>187),</span> <span class='ocrx_word' id='word_1_208' title='bbox 609 2407 652 2445; x_wconf 91' lang='lat' dir='ltr'>et</span> <span class='ocrx_word' id='word_1_209' title='bbox 681 2401 790 2445; x_wconf 86' lang='lat' dir='ltr'>heu!</span> <span class='ocrx_word' id='word_1_210' title='bbox 814 2408 900 2446; x_wconf 91' lang='lat' dir='ltr'>tam</span> <span class='ocrx_word' id='word_1_211' title='bbox 932 2415 1087 2456; x_wconf 86' lang='lat' dir='ltr'>parum</span> <span class='ocrx_word' id='word_1_212' title='bbox 1119 2402 1375 2456; x_wconf 83' lang='lat' dir='ltr'>agnoscitur</span> <span class='ocrx_word' id='word_1_213' title='bbox 1405 2415 1427 2445; x_wconf 90' lang='lat' dir='ltr'>a</span> <span class='ocrx_word' id='word_1_214' title='bbox 1456 2401 1656 2455; x_wconf 88' lang='lat' dir='ltr'>plurimis</span> <span class='ocrx_word' id='word_1_215' title='bbox 1686 2401 1730 2444; x_wconf 88' lang='lat' dir='ltr'>in</span> 
     </span>
     <span class='ocr_line' id='line_1_25' title="bbox 174 2486 980 2541; baseline 0 -10"><span class='ocrx_word' id='word_1_216' title='bbox 174 2487 340 2531; x_wconf 91' lang='lat' dir='ltr'>mundo</span> <span class='ocrx_word' id='word_1_217' title='bbox 362 2487 414 2541; x_wconf 92' lang='grc' dir='ltr'>(Ι,</span> <span class='ocrx_word' id='word_1_218' title='bbox 439 2487 504 2532; x_wconf 90' lang='grc'>10.</span> <span class='ocrx_word' id='word_1_219' title='bbox 528 2486 601 2540; x_wconf 94' lang='grc' dir='ltr'>ΙΙΙ,</span> <span class='ocrx_word' id='word_1_220' title='bbox 624 2486 664 2540; x_wconf 93' lang='grc'>8,</span> <span class='ocrx_word' id='word_1_221' title='bbox 687 2486 726 2539; x_wconf 92' lang='lat'>9,</span> <span class='ocrx_word' id='word_1_222' title='bbox 752 2486 843 2540; x_wconf 87' lang='lat'><strong>139,</strong></span> <span class='ocrx_word' id='word_1_223' title='bbox 870 2488 980 2540; x_wconf 89' lang='grc'>140).</span> 
     </span>
    </p>

    <p class='ocr_par' dir='ltr' id='par_1_13' title="bbox 174 2572 1732 2798">
     <span class='ocr_line' id='line_1_26' title="bbox 229 2572 1732 2617; baseline 0 -1"><span class='ocrx_word' id='word_1_224' title='bbox 229 2574 274 2616; x_wconf 90' lang='grc'>60</span> <span class='ocrx_word' id='word_1_225' title='bbox 304 2572 462 2617; x_wconf 82' lang='lat' dir='ltr'>Misera</span> <span class='ocrx_word' id='word_1_226' title='bbox 493 2578 558 2616; x_wconf 88' lang='lat' dir='ltr'>tot</span> <span class='ocrx_word' id='word_1_227' title='bbox 586 2572 812 2616; x_wconf 87' lang='lat' dir='ltr'>hominum</span> <span class='ocrx_word' id='word_1_228' title='bbox 855 2579 974 2616; x_wconf 90' lang='lat' dir='ltr'>sorte</span> <span class='ocrx_word' id='word_1_229' title='bbox 1005 2572 1047 2616; x_wconf 90' lang='lat' dir='ltr'>in</span> <span class='ocrx_word' id='word_1_230' title='bbox 1080 2572 1333 2617; x_wconf 89' lang='lat' dir='ltr'>discrimine</span> <span class='ocrx_word' id='word_1_231' title='bbox 1375 2572 1525 2617; x_wconf 87' lang='lat' dir='ltr'>salutis</span> <span class='ocrx_word' id='word_1_232' title='bbox 1553 2585 1732 2616; x_wconf 80' lang='lat' dir='ltr'>versan-</span> 
     </span>
     <span class='ocr_line' id='line_1_27' title="bbox 174 2657 1732 2713; baseline 0 -10"><span class='ocrx_word' id='word_1_233' title='bbox 174 2659 282 2703; x_wconf 91' lang='lat' dir='ltr'>tium</span> <span class='ocrx_word' id='word_1_234' title='bbox 303 2659 354 2711; x_wconf 92' lang='lat' dir='ltr'><strong>(I,</strong></span> <span class='ocrx_word' id='word_1_235' title='bbox 379 2660 445 2713; x_wconf 90' lang='lat'><strong>11,</strong></span> <span class='ocrx_word' id='word_1_236' title='bbox 469 2657 663 2702; x_wconf 81' lang='lat'><strong>235-237.</strong></span> <span class='ocrx_word' id='word_1_237' title='bbox 685 2658 736 2711; x_wconf 93' lang='lat' dir='ltr'>ll,</span> <span class='ocrx_word' id='word_1_238' title='bbox 754 2657 848 2711; x_wconf 89' lang='grc'>363,</span> <span class='ocrx_word' id='word_1_239' title='bbox 872 2658 970 2712; x_wconf 90' lang='grc'>364)</span> <span class='ocrx_word' id='word_1_240' title='bbox 985 2659 1186 2703; x_wconf 85' lang='lat' dir='ltr'>infaustis</span> <span class='ocrx_word' id='word_1_241' title='bbox 1206 2659 1273 2703; x_wconf 89' lang='lat' dir='ltr'>his</span> <span class='ocrx_word' id='word_1_242' title='bbox 1290 2673 1402 2713; x_wconf 85' lang='lat' dir='ltr'>quae</span> <span class='ocrx_word' id='word_1_243' title='bbox 1424 2659 1609 2703; x_wconf 80' lang='lat' dir='ltr'>vivimus</span> <span class='ocrx_word' id='word_1_244' title='bbox 1626 2665 1732 2703; x_wconf 91' lang='lat' dir='ltr'>tem-</span> 
     </span>
     <span class='ocr_line' id='line_1_28' title="bbox 178 2742 1292 2798; baseline -0.001 -10"><span class='ocrx_word' id='word_1_245' title='bbox 178 2743 363 2798; x_wconf 89' lang='lat' dir='ltr'>poribus</span> <span class='ocrx_word' id='word_1_246' title='bbox 384 2743 474 2797; x_wconf 93' lang='grc' dir='ltr'>(ΙΙΙ,</span> <span class='ocrx_word' id='word_1_247' title='bbox 498 2742 565 2796; x_wconf 93' lang='grc'>34,</span> <span class='ocrx_word' id='word_1_248' title='bbox 591 2742 684 2796; x_wconf 90' lang='grc'>123,</span> <span class='ocrx_word' id='word_1_249' title='bbox 710 2743 802 2796; x_wconf 81' lang='grc'>127,</span> <span class='ocrx_word' id='word_1_250' title='bbox 826 2743 921 2797; x_wconf 91' lang='grc'>240,</span> <span class='ocrx_word' id='word_1_251' title='bbox 943 2743 1038 2797; x_wconf 87' lang='grc'>241,</span> <span class='ocrx_word' id='word_1_252' title='bbox 1062 2743 1157 2797; x_wconf 89' lang='grc'>262,</span> <span class='ocrx_word' id='word_1_253' title='bbox 1180 2743 1292 2797; x_wconf 89' lang='grc'>263).</span> 
     </span>
    </p>

    <p class='ocr_par' dir='ltr' id='par_1_14' title="bbox 180 2828 1733 2968">
     <span class='ocr_line' id='line_1_29' title="bbox 235 2828 1733 2883; baseline 0.001 -11"><span class='ocrx_word' id='word_1_254' title='bbox 235 2828 513 2873; x_wconf 81' lang='lat' dir='ltr'>Immodicus</span> <span class='ocrx_word' id='word_1_255' title='bbox 552 2828 704 2872; x_wconf 79' lang='lat' dir='ltr'>fervor</span> <span class='ocrx_word' id='word_1_256' title='bbox 728 2842 736 2871; x_wconf 91' lang='lat'>:</span> <span class='ocrx_word' id='word_1_257' title='bbox 762 2829 803 2871; x_wconf 89' lang='grc'>10</span> <span class='ocrx_word' id='word_1_258' title='bbox 842 2828 936 2873; x_wconf 80' lang='lat' dir='ltr'>Non</span> <span class='ocrx_word' id='word_1_259' title='bbox 975 2828 1236 2883; x_wconf 89' lang='lat' dir='ltr'>perdurabit</span> <span class='ocrx_word' id='word_1_260' title='bbox 1273 2829 1323 2881; x_wconf 93' lang='grc' dir='ltr'>(Ι,</span> <span class='ocrx_word' id='word_1_261' title='bbox 1365 2828 1450 2881; x_wconf 89' lang='grc'>52),</span> <span class='ocrx_word' id='word_1_262' title='bbox 1492 2835 1539 2873; x_wconf 92' lang='lat' dir='ltr'>ut</span> <span class='ocrx_word' id='word_1_263' title='bbox 1577 2829 1733 2873; x_wconf 89' lang='lat' dir='ltr'>accidit</span> 
     </span>
     <span class='ocr_line' id='line_1_30' title="bbox 180 2913 1730 2968; baseline 0 -10"><span class='ocrx_word' id='word_1_264' title='bbox 180 2915 224 2958; x_wconf 91' lang='lat' dir='ltr'>in</span> <span class='ocrx_word' id='word_1_265' title='bbox 247 2914 374 2968; x_wconf 86' lang='lat' dir='ltr'>equis</span> <span class='ocrx_word' id='word_1_266' title='bbox 395 2914 530 2958; x_wconf 89' lang='lat' dir='ltr'>nimio</span> <span class='ocrx_word' id='word_1_267' title='bbox 553 2914 712 2958; x_wconf 89' lang='lat' dir='ltr'>ardore</span> <span class='ocrx_word' id='word_1_268' title='bbox 733 2914 818 2958; x_wconf 89' lang='lat' dir='ltr'>iter</span> <span class='ocrx_word' id='word_1_269' title='bbox 837 2913 1092 2958; x_wconf 88' lang='lat' dir='ltr'>ineuntibus</span> <span class='ocrx_word' id='word_1_270' title='bbox 1113 2914 1162 2967; x_wconf 91' lang='lat' dir='ltr'><strong>(I,</strong></span> <span class='ocrx_word' id='word_1_271' title='bbox 1184 2914 1249 2957; x_wconf 91' lang='grc'>12.</span> <span class='ocrx_word' id='word_1_272' title='bbox 1269 2914 1330 2959; x_wconf 81' lang='lat' dir='ltr'>Cf.</span> <span class='ocrx_word' id='word_1_273' title='bbox 1351 2914 1382 2968; x_wconf 95' lang='lat' dir='ltr'><strong>I,</strong></span> <span class='ocrx_word' id='word_1_274' title='bbox 1400 2914 1495 2967; x_wconf 89' lang='grc'>260,</span> <span class='ocrx_word' id='word_1_275' title='bbox 1518 2914 1730 2968; x_wconf 89' lang='grc'>268-270).</span> 
     </span>
    </p>

    <p class='ocr_par' dir='ltr' id='par_1_15' title="bbox 183 2988 1734 3128">
     <span class='ocr_line' id='line_1_31' title="bbox 235 2988 1734 3042; baseline 0.001 -10"><span class='ocrx_word' id='word_1_276' title='bbox 235 2989 279 3033; x_wconf 90' lang='grc'>20</span> <span class='ocrx_word' id='word_1_277' title='bbox 308 2989 451 3033; x_wconf 87' lang='lat' dir='ltr'>Facile</span> <span class='ocrx_word' id='word_1_278' title='bbox 480 2988 653 3033; x_wconf 91' lang='lat' dir='ltr'>labetur</span> <span class='ocrx_word' id='word_1_279' title='bbox 682 2989 727 3032; x_wconf 89' lang='lat' dir='ltr'>in</span> <span class='ocrx_word' id='word_1_280' title='bbox 758 2988 892 3033; x_wconf 84' lang='lat' dir='ltr'>cursu</span> <span class='ocrx_word' id='word_1_281' title='bbox 921 2989 1142 3042; x_wconf 85' lang='lat' dir='ltr'>festinato,</span> <span class='ocrx_word' id='word_1_282' title='bbox 1175 2996 1224 3033; x_wconf 94' lang='lat' dir='ltr'>ut</span> <span class='ocrx_word' id='word_1_283' title='bbox 1253 2989 1410 3034; x_wconf 89' lang='lat' dir='ltr'>accidit</span> <span class='ocrx_word' id='word_1_284' title='bbox 1439 2989 1565 3033; x_wconf 88' lang='lat' dir='ltr'>citius</span> <span class='ocrx_word' id='word_1_285' title='bbox 1596 2989 1734 3034; x_wconf 88' lang='lat' dir='ltr'>scalas</span> 
     </span>
     <span class='ocr_line' id='line_1_32' title="bbox 183 3074 983 3128; baseline -0.003 -8"><span class='ocrx_word' id='word_1_286' title='bbox 183 3074 524 3120; x_wconf 89' lang='lat' dir='ltr'>ascendentibus</span> <span class='ocrx_word' id='word_1_287' title='bbox 545 3075 596 3128; x_wconf 94' lang='lat' dir='ltr'><strong>(I,</strong></span> <span class='ocrx_word' id='word_1_288' title='bbox 620 3074 686 3118; x_wconf 84' lang='lat'>12.</span> <span class='ocrx_word' id='word_1_289' title='bbox 710 3074 771 3118; x_wconf 86' lang='lat' dir='ltr'>Cf.</span> <span class='ocrx_word' id='word_1_290' title='bbox 795 3075 844 3118; x_wconf 93' lang='lat' dir='ltr'>II.</span> <span class='ocrx_word' id='word_1_291' title='bbox 868 3074 983 3128; x_wconf 85' lang='lat'><strong>313).</strong></span> 
     </span>
    </p>
   </div>
   <div class='ocr_carea' id='block_1_5' title="bbox 233 3159 1733 3213">
    <p class='ocr_par' dir='ltr' id='par_1_16' title="bbox 233 3159 1733 3213">
     <span class='ocr_line' id='line_1_33' title="bbox 233 3159 1733 3213; baseline 0 -9"><span class='ocrx_word' id='word_1_292' title='bbox 233 3160 277 3204; x_wconf 90' lang='grc'>30</span> <span class='ocrx_word' id='word_1_293' title='bbox 308 3161 355 3204; x_wconf 89' lang='lat' dir='ltr'>In</span> <span class='ocrx_word' id='word_1_294' title='bbox 380 3159 616 3204; x_wconf 85' lang='lat' dir='ltr'>discrimen</span> <span class='ocrx_word' id='word_1_295' title='bbox 639 3160 787 3204; x_wconf 81' lang='lat' dir='ltr'>veniet</span> <span class='ocrx_word' id='word_1_296' title='bbox 809 3159 1121 3213; x_wconf 84' lang='lat' dir='ltr'>submergendi</span> <span class='ocrx_word' id='word_1_297' title='bbox 1155 3174 1311 3204; x_wconf 81' lang='lat' dir='ltr'>navem</span> <span class='ocrx_word' id='word_1_298' title='bbox 1347 3160 1474 3204; x_wconf 91' lang='lat' dir='ltr'>nimis</span> <span class='ocrx_word' id='word_1_299' title='bbox 1508 3167 1733 3204; x_wconf 84' lang='lat' dir='ltr'>oneratam</span> 
     </span>
    </p>
   </div>
   <div class='ocr_carea' id='block_1_6' title="bbox 181 3244 718 3299">
    <p class='ocr_par' dir='ltr' id='par_1_17' title="bbox 181 3244 718 3299">
     <span class='ocr_line' id='line_1_34' title="bbox 181 3244 718 3299; baseline -0.002 -10"><span class='ocrx_word' id='word_1_300' title='bbox 181 3246 232 3299; x_wconf 95' lang='grc' dir='ltr'>(Ι,</span> <span class='ocrx_word' id='word_1_301' title='bbox 257 3245 323 3289; x_wconf 84' lang='grc'>12.</span> <span class='ocrx_word' id='word_1_302' title='bbox 346 3245 406 3290; x_wconf 87' lang='lat' dir='ltr'>Cf.</span> <span class='ocrx_word' id='word_1_303' title='bbox 432 3246 483 3297; x_wconf 93' lang='lat' dir='ltr'>Il,</span> <span class='ocrx_word' id='word_1_304' title='bbox 507 3244 718 3298; x_wconf 92' lang='grc'>437-439).</span> 
     </span>
    </p>
   </div>
  </div>
 </body>
</html>
