2315 3559
238 238 305 276 DE
343 237 612 276 PERICULIS
650 237 938 276 TEMPORUM
977 237 1294 278 NOSTRORUM
1336 239 1586 280 CAVENDIS
1622 226 1715 282 3³11

169 381 510 449 liturgiisque
560 381 992 449 frequentandis;
1046 381 1281 451 denique
1325 383 1391 437 ab
1441 383 1505 438 iis
1551 386 1722 439 omni-

168 483 285 549 buS,
333 499 488 549 quae,
537 481 659 535 licet
708 488 887 535 sancta
932 489 984 535 et
1027 482 1081 535 in
1131 482 1248 536 aliis
1300 483 1530 538 maxime
1579 502 1723 539 com-

170 581 490 646 mendanda,
520 580 676 634 nobis
714 588 892 634 tamen
927 580 1317 649 impedimento
1356 591 1531 637 essent
1568 584 1633 637 ad
1662 602 1721 637 ea

167 683 489 751 praestanda
545 699 681 749 quae
729 681 934 736 vocatio
990 690 1173 736 nostra
1223 682 1425 750 Deique
1479 685 1719 739 voluntas

169 781 313 835 iuxta
358 780 603 835 instituta
647 789 829 835 nostra
873 799 903 834 3
946 781 1099 835 nobis
1151 781 1398 849 requirit.

233 879 317 935 33.
360 880 502 944 Quae
541 897 662 934 cum
702 879 774 933 ita
802 879 936 947 sint,
975 879 1095 948 quis
1129 888 1209 934 est
1242 880 1335 948 qui
1376 898 1482 935 non
1521 881 1717 949 videat,

167 987 496 1048 quantopere
534 979 831 1044 dedeceret,
868 979 1001 1033 tanti
1042 979 1282 1034 Parentis
1320 980 1582 1048 subolem,
1613 998 1721 1049 quo

167 1079 396 1134 maxime
457 1087 698 1147 tempore
760 1096 892 1147 opus
949 1087 1027 1133 est
1087 1097 1348 1146 generosa
1408 1080 1549 1149 pube
1611 1082 1723 1135 ani-

167 1180 376 1248 misque
415 1179 659 1246 fortibus,
696 1197 726 1233 3
760 1179 1106 1246 magnanimo
1152 1179 1294 1234 illius
1332 1180 1525 1249 spiritu
1563 1182 1723 1236 defle-

165 1288 323 1347 ctere,
349 1279 591 1334 oblivisci
613 1279 1060 1333 sublimissimum
1087 1279 1270 1347 finem,
1296 1279 1350 1333 in
1384 1298 1545 1348 quem
1573 1288 1720 1336 tanto

164 1379 410 1433 laborum
473 1387 524 1433 et
583 1396 835 1432 curarum
904 1378 1186 1446 dispendio
1241 1396 1337 1433 nos
1398 1381 1532 1434 altos
1594 1381 1722 1435 edu-

163 1487 384 1547 ctosque
428 1477 621 1544 voluit;
663 1477 1059 1546 sapientissima
1103 1478 1244 1532 illius
1283 1478 1526 1533 instituta
1570 1498 1722 1548 prae-

166 1586 388 1645 vertere,
436 1585 495 1632 ut
538 1577 725 1632 aetatis
774 1585 987 1632 nostrae
1032 1577 1235 1632 levitati
1280 1586 1332 1632 et
1374 1579 1598 1634 vanitati
1643 1579 1722 1634 in-

162 1676 426 1743 serviant;
468 1676 766 1731 ministeria
804 1684 985 1731 nostra
1023 1678 1324 1744 neglegere,
1366 1677 1421 1731 in
1459 1678 1721 1734 exteriora

164 1776 443 1831 diffluere?
491 1776 590 1840 Qui
649 1783 828 1844 posset
884 1775 1121 1843 Ignatius
1182 1794 1305 1831 suos
1362 1776 1501 1832 filios
1558 1796 1722 1847 agno-

163 1893 325 1943 scere,
374 1875 467 1944 qui
517 1875 571 1930 in
608 1876 893 1930 commoda
929 1875 1296 1944 instructaque
1335 1878 1497 1932 domo
1545 1885 1722 1946 torpe-

162 1982 369 2030 scerent
389 1975 599 2030 desides
621 1983 672 2029 et
692 1974 892 2042 ignavi,
916 1983 1238 2043 tempusque
1259 1983 1493 2031 tererent
1514 1979 1722 2045 pervol-

162 2073 348 2129 vendis
393 2074 851 2142 ephemeridibuS,
904 2074 1144 2142 legendis
1194 2074 1475 2130 inutilibus
1526 2076 1719 2132 libellis

161 2173 408 2242 fictisque
470 2173 681 2241 sabulis,
735 2173 1029 2228 invisendis
1091 2173 1392 2228 amicorum
1448 2175 1717 2244 domibuS,

162 2272 450 2328 miscendis
518 2273 667 2327 vanis
734 2272 1036 2341 colloquiiS,
1101 2272 1381 2328 inutilibus
1438 2273 1721 2329 itineribus

163 2371 530 2439 instituendis,
576 2380 635 2426 ut
684 2389 821 2426 vano
881 2371 1186 2441 cupidoque
1237 2372 1454 2440 ingenio
1516 2373 1722 2428 satisfa-

162 2472 379 2527 cerent?

228 2571 312 2627 34.
349 2572 547 2626 Verum
587 2571 721 2625 aliae
758 2570 920 2625 etiam
959 2570 1113 2626 nobis
1153 2579 1432 2626 struuntur
1470 2571 1716 2640 insidiae,

162 2673 308 2727 aliud
377 2671 627 2725 imminet
691 2670 981 2725 illiciorum
1049 2671 1349 2740 periculum
1416 2689 1587 2740 aeque
1660 2689 1719 2726 ac

162 2772 311 2840 prius
359 2772 630 2825 funestum
674 2788 733 2824 ac
771 2770 1091 2826 timendum.
1134 2771 1411 2826 Veteratus
1456 2772 1600 2826 enim
1640 2789 1721 2825 sa-

161 2869 287 2925 lutis·
325 2877 538 2924 nostrae
576 2868 846 2935 inimicuS,
878 2869 1007 2923 dum
1042 2887 1103 2924 ex
1135 2871 1300 2924 altera
1338 2877 1489 2938 parte
1524 2886 1719 2937 oppor-

164 2979 348 3025 tunam
409 2967 602 3036 arripit
663 2968 1015 3036 occasionem,
1078 2987 1108 3023 a
1168 2977 1350 3024 nostro
1411 2968 1716 3023 animarum

163 3068 344 3124 studio
383 3068 637 3133 oblatam,
678 3074 737 3120 ut
774 3084 869 3121 nos
897 3085 926 3122 a
953 3067 1267 3122 ministeriis
1306 3066 1556 3122 Societati
1595 3084 1717 3134 pro-

163 3167 295 3238 priis
339 3173 525 3221 avocet
541 3185 552 3233 ;
601 3183 662 3220 ex
704 3167 888 3234 altera,
936 3166 1000 3221 iis
1044 3167 1240 3221 abusus
1290 3166 1559 3222 nobilibus
1605 3183 1716 3220 ma-

1878 885 1983 930 Inde

1786 939 2074 993 dignoscendi

1871 1002 2001 1039 erunt

1836 1050 1928 1093 veri
1950 1050 2023 1093 filii

1805 1103 2046 1149 Societafis.

1849 2583 1997 2627 Adtera

1779 2638 1962 2683 tentatio
1985 2642 2066 2689 est,

1793 2691 2059 2747 quanosad

1799 2748 2047 2792 libertatem

1814 2808 2043 2857 provocat
