2315 3559
579 173 682 229 338
840 189 1090 228 EPISTOLA
1129 190 1176 228 R.
1221 190 1267 228 P.
1310 191 1361 228 N.
1406 189 1648 228 LUDOVICI
1688 190 1886 229 MARTIN

581 351 786 403 omneS,
817 343 870 389 et
907 334 1149 403 undique
1187 334 1350 389 etiam
1390 334 1612 402 externi,
1643 351 1750 389 non
1778 336 1940 390 modo
1968 336 2145 404 priva-

579 434 676 489 tim
716 436 836 504 piae
873 443 1195 504 sanctaeque
1238 435 1469 503 animae,
1518 436 1609 490 sed
1656 435 1818 490 etiam
1863 436 2144 491 coniuncte

580 534 821 602 integrae
871 534 1180 590 sodalitates
1221 542 1272 588 et
1308 542 1452 589 totae
1490 535 1651 589 simul
1689 534 1974 602 religiosae
2012 535 2145 589 Con-

578 634 938 702 gregationeS,
992 651 1160 700 sacra,
1214 651 1417 701 preceS,
1464 634 1706 702 corporis
1750 634 2140 702 afflictationeS,

578 732 666 800 pia
705 750 887 801 opera,
929 732 1097 786 ardua
1136 749 1293 800 saepe
1330 732 1616 800 promissa,
1657 732 1854 800 quibus
1893 732 2144 786 omnibus

578 850 664 888 me
708 835 862 902 plane
908 832 1194 901 indignum
1239 832 1431 900 sentio,
1474 832 1735 900 singulari
1773 832 1994 887 caritate
2036 832 2144 886 Deo

576 934 904 988 obtulerunt.
954 933 1094 997 Quos
1145 950 1332 988 omnes
1383 934 1520 988 Deus
1563 933 1884 1001 largissime,
1932 950 2141 1001 precor,

576 1050 673 1101 pro
719 1051 813 1088 sua
864 1033 1235 1088 munificentia
1279 1033 1556 1102 rependat.

645 1134 913 1188 Hactenus
958 1142 1140 1189 tamen
1187 1135 1330 1188 haud
1370 1133 1546 1188 visum
1585 1141 1664 1188 est
1701 1133 1808 1188 Deo
1845 1141 1924 1188 tot
1960 1150 2143 1202 preces

577 1250 673 1302 pro
720 1233 856 1287 votis
902 1233 1146 1302 implere.
1192 1233 1396 1288 Pluries
1442 1233 1586 1288 enim
1632 1232 1734 1287 rati
1780 1251 1984 1301 sumUS,
2032 1232 2143 1287 vim

576 1333 753 1388 morbi
793 1334 1088 1388 edomitam
1135 1334 1318 1402 fuisse,
1357 1351 1494 1402 quae
1533 1342 1714 1389 tamen
1752 1351 1892 1388 novo
1932 1351 2145 1402 semper

500 1473 506 1476 -
575 1434 782 1504 impetu
811 1435 1022 1490 saevior
1049 1435 1243 1503 erupit.
1276 1435 1389 1499 Quo
1418 1453 1480 1490 eo
1507 1435 1727 1489 tandem
1754 1435 1973 1490 adactus
2002 1452 2140 1502 sum,

573 1544 632 1590 ut
670 1537 735 1590 ad
776 1535 971 1604 reliqui
999 1535 1241 1604 corporis
1268 1535 1697 1590 incolumitatem
1724 1552 1831 1589 non
1857 1543 2002 1589 certa
2028 1534 2147 1603 qui-

575 1637 699 1691 dem
738 1637 830 1691 sed
875 1637 1016 1690 bona
1060 1653 1153 1705 spe
1198 1636 1518 1691 servandam
1558 1636 1837 1690 dexterum
1876 1633 2146 1704 amputari

575 1737 859 1792 brachium
915 1737 1025 1805 pati
1071 1736 1371 1792 debuerim.
1422 1736 1551 1791 Mihi
1595 1736 1819 1805 quidem
1858 1736 1924 1790 ad
1964 1735 2147 1790 omnia

575 1846 762 1906 parato
802 1837 1240 1906 praesentissima
1285 1837 1671 1906 uberrimaque
1710 1854 1829 1905 ope,
1866 1854 1972 1905 qua
2010 1836 2147 1891 Deus

575 1946 833 2006 quattuor
882 1938 966 1992 his
1019 1937 1294 1993 mensibus
1346 1937 1482 1991 mihi
1532 1936 1922 2004 benignissime
1971 1935 2144 2003 affuit,

577 2040 748 2093 multo
787 2038 975 2092 fuisset
1002 2038 1256 2107 optatiuS,
1286 2046 1345 2092 ut
1372 2037 1587 2092 divinus
1616 2044 1798 2092 noster
1824 2036 2060 2091 Medicus
2087 2053 2147 2090 ac

577 2138 909 2207 Redemptor
954 2156 1040 2193 me
1078 2152 1139 2193 ex
1175 2137 1428 2192 humanis
1466 2137 1612 2192 hisce
1650 2135 1883 2191 miseriis
1922 2135 2150 2204 eripuis-

577 2247 674 2306 set,
728 2256 1021 2307 secumque
1081 2237 1389 2306 recepisset.
1443 2237 1623 2291 Nihilo
1686 2236 1864 2291 minus
1928 2236 2147 2290 Patrum

576 2339 956 2394 Assistentium
1006 2338 1245 2394 consiliis
1296 2339 1600 2406 obsecutUS,
1654 2336 1816 2392 statui
1861 2337 1926 2391 ad
1967 2335 2149 2391 Sacra-

577 2438 849 2493 tissimum
889 2438 990 2493 Cor
1034 2439 1152 2494 Iesu
1195 2438 1504 2505 confugere,
1546 2436 1612 2491 ab
1651 2454 1823 2505 eoque
1861 2436 2146 2491 sanitatem

577 2540 869 2608 postulare,
910 2538 954 2592 si
988 2540 1119 2593 haec
1151 2538 1216 2593 ad
1257 2537 1521 2592 maiorem
1549 2536 1718 2605 ipsius
1745 2536 1975 2604 gloriam
2003 2543 2054 2590 et
2080 2534 2146 2589 ad

577 2639 856 2695 Societatis
894 2639 1099 2693 bonum
1126 2639 1371 2693 conferre
1398 2638 1606 2693 debeat.
1639 2637 1830 2702 Quare,
1861 2654 1968 2691 non
1995 2653 2148 2705 prae-

577 2739 826 2808 cipientis
888 2739 979 2793 sed
1042 2738 1310 2808 precantis
1373 2755 1542 2806 more,
1602 2737 1783 2792 Patres
1840 2753 2026 2791 omnes
2087 2752 2146 2790 ac

580 2840 790 2893 Fratres
818 2837 1096 2893 Societatis
1124 2856 1276 2907 rog0,
1307 2846 1365 2892 ut
1391 2839 1457 2892 ad
1485 2838 1587 2892 hoc
1613 2835 1937 2892 beneficium
1976 2853 2006 2890 a
2039 2835 2146 2889 Deo

580 2939 1003 3007 impetrandum,
1058 2939 1213 2994 initio
1277 2939 1414 2993 facto
1476 2955 1504 2992 a
1573 2937 1749 3006 prima
1805 2936 1937 2991 feria
2003 2942 2147 2990 sexta

580 3038 812 3107 proximi
859 3038 1058 3093 mensis
1104 3038 1258 3105 iunii,
1312 3054 1507 3092 novem
1559 3036 1897 3091 continenter
1944 3034 2146 3103 primas

580 3147 751 3194 sextas
791 3137 1059 3194 mensium
1099 3138 1258 3192 ferias
1297 3136 1669 3193 Sacratissimo
1704 3135 1862 3191 Cordi
1894 3135 2012 3190 Iesu
2041 3134 2147 3189 sin-
