2315 3559
513 214 615 271 362
940 233 1260 272 SUMMAmun
1302 232 1666 272 EPISTOLARUM

580 481 666 548 XI,
696 497 762 535 AD
790 497 1166 535 PROVINCIALES
1193 496 1509 548 soclETATls,
1539 481 1607 535 14
1632 488 1843 548 august.
1869 480 2005 537 1599

737 622 813 676 De
839 622 1145 691 formandis
1182 622 1381 675 nostris
1407 622 1863 676 contionatoribus

960 742 1131 809 <Tom.
1165 743 1203 796 Ι.
1235 760 1324 810 pp.
1355 741 1629 809 279-282.)

542 903 623 948 1-3.
667 903 771 948 Cum
812 903 911 947 sinis
959 903 1187 948 Societatis
1227 903 1421 958 postulet
1468 909 1516 948 ut
1554 903 1702 948 idonei
1749 903 2080 948 contionatores

619 989 884 1042 formentur,
924 988 1221 1033 Provinciales
1255 989 1300 1032 in
1349 1003 1402 1034 eo
1444 1003 1659 1033 summam
1699 1002 1851 1033 curam
1895 994 2079 1043 ponant,

618 1073 938 1118 institutionem
988 1088 1070 1129 pro
1124 1074 1506 1119 contionatoribus
1549 1073 1778 1118 Societatis
1826 1073 1871 1117 in
1910 1072 2080 1127 praxim

618 1168 848 1215 revocent,
873 1167 917 1206 et
936 1160 1152 1216 imprimis
1188 1176 1317 1206 usum
1348 1161 1661 1206 exercitiorum
1701 1159 1996 1215 spiritualium
2026 1158 2080 1203 iis

619 1248 946 1292 commendent.

511 1468 622 1521 Xll.
652 1482 719 1521 AD
759 1483 954 1521 PATRES
993 1483 1055 1520 ET
1093 1482 1324 1521 FRATRES
1362 1483 1678 1536 soclETATIS,
1708 1467 1775 1523 29
1802 1467 1919 1522 iulii
1947 1466 2081 1522 1602

682 1608 758 1662 De
784 1626 1005 1663 recursu
1042 1611 1113 1663 ad
1148 1610 1323 1664 Deum
1362 1609 1420 1664 in
1462 1609 1909 1664 tribulationibus

1026 1716 1076 1764 et
1096 1709 1559 1777 persecutionibus

958 1830 1128 1898 (Tom.
1161 1830 1201 1898 I,
1240 1848 1328 1898 pp.
1359 1828 1633 1897 282-292.)

540 1981 623 2025 1-2.
649 1982 882 2025 Praevisae
904 1981 948 2025 in
980 1980 1279 2035 prosperitate
1315 1980 1639 2032 tribulationes,
1665 1994 1779 2035 quae
1814 1980 2080 2035 disponente

618 2067 767 2111 divina
798 2066 1097 2120 Providentia,
1122 2066 1253 2111 solito
1285 2067 1426 2121 magis
1455 2066 1718 2111 Societatem
1741 2072 1966 2120 exercent,
1990 2080 2080 2110 om-

620 2168 699 2198 nes
735 2153 927 2198 excitare
963 2153 1142 2207 debent,
1179 2159 1242 2206 ut,
1286 2152 1439 2207 gratiis
1484 2153 1573 2196 Deo
1614 2152 1738 2205 actis,
1777 2152 1851 2206 qui
1890 2166 1973 2207 per
2004 2166 2078 2196 eas

620 2246 816 2284 nostram
847 2239 1202 2284 emendationem
1224 2238 1412 2284 intendit
1435 2253 1444 2283 ε

535 2325 575 2369 3.
621 2326 765 2370 Primo
796 2326 1024 2380 inquirant
1054 2325 1230 2379 singuli,
1255 2325 1402 2369 divino
1437 2325 1603 2369 lumine
1633 2324 1881 2379 implorato,
1902 2323 2080 2369 tribula-

619 2412 788 2456 tionum
811 2426 1004 2464 causam,
1030 2417 1284 2456 accuratum
1304 2425 1487 2456 examen
1506 2411 1572 2455 sui
1594 2411 1839 2465 instituant,
1863 2417 1906 2455 et
1927 2410 2078 2465 culpas

620 2499 664 2542 in
687 2513 734 2543 se
757 2499 928 2553 agnitas
951 2499 1205 2543 emendent.

537 2585 575 2628 [ι.
618 2585 820 2629 Secundo
843 2585 896 2629 ad
919 2585 1164 2630 orationem
1186 2585 1281 2640 plus
1305 2584 1431 2629 solito
1454 2589 1704 2638 recurrant,
1724 2583 1931 2628 exercitia
1953 2581 2080 2638 spiri-

619 2671 751 2716 tualia
772 2671 825 2715 ad
857 2685 1092 2715 commune
1128 2671 1350 2716 societatis
1385 2671 1591 2715 auxilium
1627 2670 1804 2723 obeant,
1829 2674 1872 2714 et
1901 2673 2080 2723 praeter

618 2756 813 2812 privatas
835 2756 1111 2810 devotiones,
1137 2757 1446 2801 communibus
1476 2755 1637 2801 litaniis
1667 2769 1848 2810 precem
1878 2755 1932 2799 ad
1955 2755 2000 2799 B.
2026 2753 2073 2798 V.

619 2842 794 2887 addant
1085 2825 1089 2828 ’

535 2931 574 2975 5.
616 2930 763 2974 Tertio
786 2930 895 2974 adeo
919 2943 1006 2973 non
1038 2930 1303 2984 frangantur
1323 2928 1730 2985 persecutionibus,
1753 2935 1801 2973 ut
1822 2926 2076 2972 ardentiore

620 3030 751 3071 quam
785 3030 994 3070 umquam
1031 3016 1189 3069 spiritu
1223 3016 1267 3060 in
1303 3015 1489 3071 proximi
1527 3015 1711 3059 salutem
1748 3014 1991 3065 elaborent,
2023 3011 2077 3055 ad

620 3103 739 3157 quod
779 3102 848 3147 vel
888 3102 970 3157 ipsi
1014 3102 1087 3156 qui
1130 3108 1419 3156 reportantur
1457 3104 1628 3146 fructus
1678 3100 1960 3145 exstimulare
2000 3115 2077 3145 eos

621 3188 798 3233 debent
