2315 3559
223 245 290 283 DE
329 243 598 283 PERICULIS
635 241 923 281 TEMPORUM
963 239 1279 279 NOSTRORUM
1319 239 1570 278 CAVENDIS
1605 223 1708 279 313

222 388 306 443 36.
350 388 484 442 Hinc
517 394 662 442 tanta
701 393 904 440 mentes
940 385 1156 440 incessit
1192 383 1454 450 confusiO,
1484 391 1536 437 et
1562 391 1707 438 tanta

157 487 356 542 exstitit
393 486 719 541 iudiciorum
758 484 1110 553 perturbatio,
1152 491 1210 537 ut
1255 482 1512 551 quicquid
1553 489 1709 536 antea

155 588 254 654 leX,
312 586 618 652 auctoritaS,
678 584 760 638 ius
815 583 1161 651 officiumque
1217 582 1486 648 audiebat,
1545 599 1704 647 nunc,

156 686 383 755 pristino
423 685 661 739 obsoleto
699 701 818 751 usu,
861 682 1023 737 aliam
1062 699 1282 751 prorsus
1330 681 1709 748 diversamque

155 784 607 852 significationem
645 782 899 837 induerit.
939 781 1199 850 Suprema
1237 780 1381 835 enim
1420 779 1708 834 auctoritas

155 901 314 951 nune,
351 900 458 937 non
493 884 558 937 ad
593 883 891 949 regendum
930 883 1191 950 populum
1230 880 1453 949 eiusque
1494 897 1708 934 venera-

155 983 357 1038 tionem
397 982 498 1037 sibi
547 981 937 1036 conciliandam
989 980 1278 1035 constituta
1323 998 1437 1034 esse
1478 979 1705 1043 videtur,

156 1084 247 1137 sed
286 1090 344 1136 ut
376 1081 552 1136 eidem
591 1089 792 1149 pareat,
832 1082 913 1135 vel
951 1080 1114 1135 etiam
1152 1079 1388 1134 ludibrio
1427 1079 1705 1133 habeatur.

157 1182 259 1237 Lex
292 1199 448 1250 saepe
486 1198 600 1236 esse
633 1180 848 1248 dicitur,
885 1197 993 1235 non
1031 1180 1176 1248 quod
1215 1187 1359 1234 recta
1392 1179 1529 1233 ratio
1564 1178 1711 1233 iubet

157 1289 207 1336 et
255 1280 589 1350 praescribit,
631 1281 723 1335 sed
774 1280 918 1348 quod
968 1279 1142 1333 maior
1189 1278 1375 1348 populi
1426 1296 1567 1346 pars,
1620 1286 1710 1332 aut

156 1398 287 1435 auro
325 1388 594 1448 corrupta,
632 1387 723 1434 aut
760 1379 1145 1447 cupiditatibus
1184 1378 1423 1446 abrepta,
1455 1385 1545 1431 aut
1583 1394 1712 1445 pau-

157 1497 343 1534 corum
399 1479 622 1534 audacia
677 1478 960 1546 perterrita
1009 1477 1257 1545 imperat,
1309 1475 1557 1545 quamvis
1606 1475 1710 1528 iuri

157 1579 305 1634 omni
344 1577 528 1634 divino
567 1584 618 1632 et
655 1578 893 1631 humano
932 1576 1248 1642 refragetur.
1288 1575 1410 1629 Iura
1449 1582 1501 1628 et
1538 1573 1712 1628 officia

155 1696 263 1733 non
301 1696 330 1732 a
368 1677 552 1732 divina
589 1678 706 1744 lege
754 1684 914 1744 atque
953 1693 980 1730 e
1018 1674 1251 1729 naturali
1300 1691 1483 1729 rerum
1532 1673 1713 1741 dispo-

157 1777 350 1832 sitione
377 1784 429 1831 et.
461 1775 649 1830 ordine
688 1776 1055 1841 deducuntur余
1093 1774 1185 1828 sed
1220 1771 1559 1842 praepotenti
1597 1773 1714 1840 plu-

157 1876 300 1931 rium
338 1877 611 1931 voluntate
650 1874 839 1929 ceteris
879 1875 1251 1942 imponuntur,
1293 1872 1440 1927 iuxta
1488 1870 1714 1939 iniquis-

157 1962 351 2031 simam
396 1973 708 2030 recentioris
747 1973 893 2029 effati
932 1990 1181 2027 normam
1221 1986 1247 2020 <(
1288 1971 1392 2026 iuri
1442 1971 1714 2040 praevalet

157 2076 235 2130 vis
276 2095 321 2130 )).
365 2076 505 2130 Haec
543 2084 623 2130 est
662 2075 850 2129 insana
899 2081 1210 2128 nostrorum
1261 2080 1568 2141 temporum
1619 2071 1712 2125 do-

156 2175 346 2242 ctrina,
387 2175 589 2244 ubique
627 2174 870 2242 gentium
898 2173 1113 2227 civitate
1152 2173 1366 2227 donata.
1399 2171 1508 2225 Hac
1548 2170 1712 2225 veluti

157 2274 307 2329 lactis
361 2274 678 2341 contagione
731 2272 993 2327 innutrita
1045 2279 1096 2326 et
1144 2271 1337 2325 infecta
1385 2270 1486 2324 fuit
1530 2277 1712 2324 nostra

158 2374 289 2428 haec
335 2372 649 2442 progenies余
691 2389 848 2440 quae,
891 2378 1153 2439 quantum
1198 2369 1514 2424 coniciendo
1560 2386 1714 2437 prae-

160 2472 342 2527 videre
378 2471 520 2538 licet,
563 2470 655 2526 diu
704 2471 878 2525 adhuc
917 2469 971 2524 in
1010 2468 1156 2524 fatali
1195 2469 1293 2522 hac
1333 2467 1543 2522 insistet
1591 2484 1713 2534 pro-

159 2571 418 2638 cedetque
456 2569 559 2624 via.
600 2571 774 2638 Atque
819 2568 1027 2623 utinam
1076 2584 1246 2622 novae
1284 2565 1568 2636 progenies
1607 2565 1714 2620 sint

158 2679 342 2727 nostra
378 2671 478 2724 hac
516 2668 808 2724 feliciores!

225 2770 310 2826 37.
364 2771 475 2825 lam
514 2787 659 2836 vero,
696 2769 805 2823 RB.
845 2768 1025 2822 Patres
1064 2768 1384 2834 Fratresque
1427 2764 1710 2832 carissimi,

159 2871 203 2926 si
250 2888 373 2925 vera
415 2870 546 2924 haec
600 2875 724 2923 sunt
770 2867 916 2935 (sunt
971 2874 1150 2921 autem
1202 2865 1521 2932 verissima),
1568 2865 1715 2918 nefas

160 2978 239 3025 est
276 2969 574 3038 periculum
625 2967 982 3035 dissimulare,
1030 2984 1127 3021 nec
1181 2967 1332 3021 decet
1385 2982 1480 3019 nos
1537 2963 1716 3017 incau-

160 3075 242 3122 tos
284 3067 489 3133 vivere余
532 3067 624 3121 sed
663 3082 876 3120 necesse
914 3072 993 3119 est
1035 3064 1188 3119 nobis
1232 3080 1438 3128 cavere,
1471 3061 1710 3128 vigilare,

162 3166 417 3236 omnique
464 3166 644 3220 studio
688 3183 746 3219 ac
790 3164 1068 3232 diligentia
1117 3163 1419 3231 providere,
1460 3178 1526 3214 ne
1569 3166 1714 3214 tanta

1773 389 2058 435 Perniciosis-

1794 445 1889 488 simi
1906 445 2034 489 huius

1807 499 2021 543 libertatis

1819 554 2017 598 effectus.

1844 2755 1903 2798 Ex
1919 2755 1999 2798 hae

1813 2823 2021 2863 magnum

1821 2864 2020 2908 imminet

1796 2918 2042 2981 perieulum

1857 2980 1986 3017 etlam

1809 3027 2029 3081 religiosis

1856 3082 1982 3134 viris余
