2315 3559
554 208 657 263 4¹04
969 227 1309 266 SUMMARIUM.
1332 228 1695 268 EPISTULARUM

665 384 793 415 suum
811 371 1136 417 sanctissimum
1151 386 1251 417 esse
1264 372 1516 428 colendum,
1535 379 1583 418 ut
1596 379 1664 418 est
1678 374 1842 419 amoris
1857 374 2121 429 symbolum.

580 454 622 500 3.
665 455 782 501 Haec
804 457 992 512 symboli
1013 458 1125 502 ratio
1141 458 1330 503 maxime
1352 458 1561 503 convenit
1575 458 1645 503 SS.
1665 458 1794 503 Cordi
1819 474 1829 504 z
1854 459 1957 514 quia
1977 467 2122 505 ortum

663 547 800 586 estex
820 556 972 587 amore
988 542 1153 597 divino,
1178 543 1280 598 quia
1306 543 1423 588 hunc
1445 558 1639 588 amorem
1664 545 1908 598 continuat,
1932 546 2122 601 agendo,

661 628 887 684 patiendo,
929 629 1047 674 dona
1075 629 1262 673 maxima
1282 630 1583 684 promittendo
1615 631 1836 686 omnibus,
1859 632 2123 686 praesertim

661 713 867 758 Societati
890 719 1086 758 nostrae.

578 799 617 843 4.
662 799 771 844 Huic
791 814 953 844 munus
975 799 1208 845 committit
1236 801 1513 855 provehendi
1536 801 1678 846 cultus
1700 802 1770 847 SS.
1795 801 1963 847 Cordis.
1999 802 2121 855 Quod

658 885 924 931 beneficium
941 886 982 932 S.
1008 887 1185 932 Parenti
1207 888 1376 942 Ignatio
1399 887 1613 933 debemus
1635 894 1679 933 et
1699 889 1743 933 in
1761 888 1916 944 primis
1937 889 2124 935 Sanctae

660 972 739 1017 Dei
760 972 902 1017 Matri.

575 1058 616 1103 5.
658 1057 956 1103 Retinendam
992 1064 1060 1103 est
1097 1058 1180 1104 hoc
1225 1059 1491 1105 heneficium
1535 1060 1724 1106 fideliter
1768 1061 2121 1117 obtemperando

657 1145 831 1200 legibus
863 1145 1028 1191 nostris
1050 1151 1095 1191 et
1125 1146 1354 1191 offerendo
1386 1147 1599 1192 Salvatori
1621 1147 1778 1193 Divino
1810 1161 1890 1192 cor
1919 1154 2121 1193 nostrum

658 1231 945 1277 coniunctum
959 1246 1058 1277 cum
1073 1232 1180 1287 Deo,
1193 1233 1413 1278 divulsum
1427 1247 1452 1277 a
1464 1233 1601 1278 rebus
1614 1234 1791 1288 creatis,
1804 1234 2024 1279 divulsum
2037 1248 2062 1278 a
2075 1248 2123 1279 se

655 1318 770 1374 ipso,
782 1325 986 1374 apertum
1005 1319 1328 1375 superioribus,
1349 1320 1536 1365 fratrum
1553 1335 1723 1375 amans,
1738 1334 1818 1365 cor
1834 1334 2119 1375 generosum.

574 1405 614 1450 6.
656 1405 722 1449 Ad
741 1404 851 1450 haec
874 1405 1160 1461 exsequenda
1177 1405 1305 1451 nobis
1322 1406 1484 1452 adsunt
1503 1407 1573 1452 SS.
1593 1406 1736 1452 Corda
1756 1408 1857 1452 Iesu
1878 1413 1922 1452 et
1942 1407 2120 1462 Mariae,

658 1490 820 1545 quibus
841 1491 927 1535 iam
958 1497 1061 1535 sunt
1091 1498 1264 1536 sacrata
1291 1492 1427 1537 corda
1448 1499 1616 1537 nostra.
1642 1492 1734 1537 Hoc
1766 1506 1883 1537 anno
1906 1492 2122 1538 saeculari

658 1577 805 1623 denuo
829 1583 933 1623 sunt
949 1578 1181 1622 sacranda.

617 1743 701 1798 IV.
732 1759 798 1797 AD
822 1758 1016 1797 PATRES
1038 1760 1101 1797 ET
1123 1758 1355 1797 FRATRES
1376 1758 1694 1812 ΞΟΟΙΕΤΑΤΙΞ,
1718 1742 1750 1799 8
1772 1745 1885 1799 dee.
1911 1744 2052 1800 1890

545 1870 622 1926 De
647 1875 932 1940 repetenda
956 1873 1186 1927 subinde
1210 1872 1308 1928 SS.
1335 1874 1509 1942 Petri,
1533 1875 1759 1929 Ioannis
1785 1882 1834 1930 et
1852 1875 2123 1943 Alphonsi

902 1974 1183 2041 praeclare
1202 1980 1470 2041 yestorum
1494 1975 1761 2029 memoria

978 2092 1150 2160 (Tom.
1183 2093 1267 2161 IV,
1297 2111 1387 2162 pp.
1418 2093 1697 2162 116-217.)

546 2244 579 2289 1.
612 2243 696 2289 1-2.
729 2243 772 2289 S.
809 2243 1023 2299 Alphonsi
1054 2244 1189 2290 animi
1219 2244 1445 2300 demissio,
1476 2245 1523 2290 in
1550 2245 1695 2300 pretio
1717 2246 1835 2301 apud
1855 2246 2058 2291 homines
2079 2252 2124 2291 et

656 2330 773 2386 apud
791 2329 946 2375 Deum.

571 2415 612 2461 3.
655 2416 762 2461 Eam
791 2422 940 2462 tamen
971 2416 1111 2462 vitant
1129 2416 1270 2472 multi,
1295 2417 1370 2472 qui
1411 2423 1631 2473 spernunt
1661 2417 1896 2473 superbos,
1921 2418 2024 2463 dum
2054 2418 2122 2463 his

657 2502 823 2548 similes
845 2516 945 2548 esse
962 2503 1130 2549 volunt.

573 2587 659 2632 4-6.
692 2588 802 2634 Sunt
831 2594 1037 2644 expertes
1060 2603 1192 2634 verae
1222 2589 1481 2645 sapientiae,
1506 2604 1638 2645 quam
1660 2590 1791 2635 docet
1810 2590 2048 2646 Apostolus
2079 2596 2123 2636 et

657 2674 907 2729 exemplum
929 2674 1086 2720 Christi
1109 2675 1298 2720 Domini.

573 2762 613 2807 7.
656 2762 762 2806 Eam
793 2763 1004 2816 cognovit
1031 2763 1072 2807 S.
1104 2763 1372 2819 Alphonsus,
1407 2777 1496 2808 non
1528 2769 1686 2818 optans
1716 2762 1907 2817 laudem,
1950 2762 2120 2807 deside-

658 2861 762 2892 rans
780 2853 1106 2903 contemptum.

573 2934 613 2980 8.
657 2934 762 2979 Eam
785 2934 937 2979 didicit
957 2949 1009 2979 ex
1029 2934 1070 2980 S.
1098 2935 1282 2990 lgnatio.

573 3020 613 3066 9.
656 3020 820 3066 Eadem
842 3020 972 3066 nobis
994 3021 1219 3066 discenda.

548 3105 791 3152 10-11.Hac
813 3112 1080 3152 consecutus
1102 3113 1170 3152 est
1191 3107 1231 3152 S.
1257 3107 1383 3163 Alph.
1409 3107 1749 3153 familiaritatem
1767 3121 1867 3152 cum
1890 3107 1997 3161 Deo,

548 3192 932 3248 12-13.Singu1are
954 3193 1119 3239 donum
1143 3194 1374 3249 orationis,
1397 3195 1574 3240 favores
1595 3194 1641 3239 B.
1667 3193 1875 3248 Virginis.
