2315 3559
222 210 289 250 DE
327 210 597 249 PERICULIS
634 209 921 248 Tauronuu
962 208 1277 247 Nosrnonuu
1316 209 1567 249 emamus
1603 194 1703 250 0289

152 364 285 424 quot
321 354 644 422 quantisque
683 352 933 422 periculis
972 353 1307 407 vocationem
1346 370 1498 429 suam
1533 361 1703 407 aeter-

152 470 386 520 namque
446 454 671 506 salutem
734 459 1016 519 exponant,
1081 450 1174 519 qui
1241 450 1330 504 illa
1387 452 1698 517 neglegant;

152 552 316 605 fixum
384 551 584 619 quippe
646 558 932 618 ratumque
989 558 1067 604 est
1128 549 1250 617 illis,
1313 550 1514 604 bonum
1584 567 1704 617 pro-

153 650 385 718 positum
436 650 562 703 satis
616 667 729 703 esse
774 650 839 703 ad
885 657 1027 704 recte
1065 649 1354 716 agendum,
1408 657 1460 704 et
1508 665 1570 703 ex
1613 649 1704 703 illo

153 748 679 816 imprudentissimas
731 748 894 803 etiam
946 748 1201 816 actioneS,
1256 749 1506 802 honestas
1557 766 1706 802 sanc·

151 855 340 915 tasque
389 847 525 902 fieri.
580 847 655 902 Eo
698 846 1016 902 temeritatis
1056 847 1224 901 animi
1275 846 1489 911 levitate
1538 847 1706 902 addu-

151 946 368 1000 cuntur!

219 1044 302 1100 18.
346 1045 609 1114 Equidem
661 1044 769 1099 scio
815 1045 1113 1113 periculum
1164 1046 1265 1099 hoc
1319 1045 1595 1100 effusionis
1639 1045 1705 1100 ad

151 1143 413 1199 exteriora
475 1161 535 1199 ex
589 1144 756 1198 animi
818 1144 1033 1199 levitate
1089 1152 1287 1212 ortum,
1334 1153 1386 1199 et
1445 1144 1707 1199 exstitisse

152 1261 364 1312 semper
413 1251 464 1298 et
506 1261 719 1312 semper
768 1245 1087 1299 exstiturum
1142 1245 1196 1299 in
1252 1245 1400 1299 omni
1454 1244 1706 1312 religioso

152 1343 360 1411 ordine,
420 1344 514 1412 qui
577 1344 742 1398 vitam
810 1345 1040 1399 activam
1103 1362 1161 1400 ex
1224 1345 1472 1400 Instituto
1535 1345 1708 1400 colere

152 1451 388 1510 tenetur3
419 1444 531 1509 sed,
567 1444 701 1498 mihi
739 1445 940 1499 credite
978 1445 1159 1499 Patres
1195 1445 1512 1513 Fratresque
1548 1444 1710 1499 caris-

153 1542 295 1610 simi,
328 1542 489 1597 hodie
517 1545 720 1597 malum
748 1544 849 1599 hoc
878 1544 1049 1612 magis
1078 1544 1358 1613 magisque
1386 1544 1710 1612 ingravescit

153 1649 373 1710 propter
399 1641 773 1697 condicionem
811 1651 1119 1711 temporum
1155 1660 1294 1711 quae
1332 1643 1473 1697 nacti
1500 1660 1703 1697 sumus,

154 1742 308 1809 Nam,
355 1749 568 1809 praeter
616 1759 801 1796 causas
851 1742 1083 1797 levitatis
1137 1741 1305 1796 animi
1360 1742 1509 1811 prius
1567 1759 1710 1797 com-

155 1849 500 1908 memorataS,
553 1859 691 1910 quae
744 1841 995 1910 propriae
1054 1850 1178 1896 sunt
1230 1849 1445 1897 nostrae
1499 1841 1705 1909 aetatiS,

155 1942 419 2011 dispersio
464 1944 546 1997 vel
603 1942 878 1998 abnormis
939 1943 1185 1999 condicio
1242 1944 1535 1998 multarum
1586 1943 1711 1997 Pro-

156 2043 474 2111 vinciarum,
521 2060 659 2111 quae
709 2043 976 2099 eiusmodi
1021 2052 1117 2112 est,
1165 2052 1223 2098 ut
1260 2043 1346 2098 vix
1388 2052 1481 2098 aut
1522 2061 1588 2098 ne
1628 2043 1711 2098 vix

155 2143 377 2212 quidem
406 2144 574 2198 multa
611 2143 911 2199 ministeria
944 2143 1239 2199 secundum
1274 2143 1509 2198 Instituti
1542 2143 1712 2198 nostri

156 2261 408 2299 normam
448 2245 681 2299 exerceri
720 2244 990 2313 patiatur;
1033 2262 1261 2312 magnus
1299 2261 1556 2299 numerus
1595 2261 1714 2313 par·-

158 2360 346 2397 varum
384 2343 693 2410 domorum,
723 2351 775 2398 et
811 2343 966 2411 quasi
1004 2343 1396 2411 paroeciarum,
1428 2343 1483 2397 in
1517 2343 1712 2412 quibus

157 2442 472 2511 disciplinae
515 2443 799 2510 religiosae
847 2442 1188 2497 observantia
1238 2442 1509 2498 difficilius
1558 2459 1714 2510 urge-

157 2549 262 2609 tur,
327 2549 379 2597 et
446 2558 623 2597 mores
695 2542 849 2598 facile
915 2542 1246 2598 inducuntur
1311 2542 1405 2611 qui
1472 2550 1712 2598 nostram

158 2640 375 2696 vivendi
414 2641 644 2695 formam
683 2659 874 2710 parum
915 2641 1158 2710 sapiunt;
1205 2642 1409 2697 iactura
1443 2650 1496 2697 et
1532 2659 1715 2710 exspo-

159 2740 308 2796 liatio
346 2742 674 2810 templorum
712 2750 1041 2810 nostrorum,
1071 2760 1210 2811 quae
1248 2760 1406 2811 saepe
1443 2760 1540 2797 nos
1572 2742 1716 2810 cogit

160 2842 384 2897 domum
433 2842 633 2898 cotidie
682 2844 931 2898 deserere
978 2852 1031 2899 et
1079 2844 1252 2899 aliena
1295 2844 1495 2912 templa
1542 2843 1710 2910 adire,

159 2951 219 2996 ut
278 2944 435 2998 saluti
497 2943 801 2998 animarum
862 2944 1171 3013 prospicere
1230 2944 1499 3013 possimus
1515 2962 1528 3010 ;
1592 2960 1715 2997 con-

160 3041 301 3096 dicio
351 3059 558 3110 eorum,
605 3043 746 3110 apud
799 3059 935 3111 quos
983 3043 1282 3098 ministeria
1326 3051 1507 3097 nostra
1557 3059 1714 3110 saepe

161 3158 486 3210 exercemUS,
532 3142 627 3211 qui
677 3159 785 3197 non
835 3142 889 3196 in
941 3143 1057 3198 loco
1112 3159 1283 3211 sacrO,
1334 3159 1510 3211 neque
1562 3158 1714 3211 prae-

269 3245 488 3291 ΤΟΜΕΝ.
1553 3244 1606 3289 19

1782 1061 2027 1106 Periculum

1794 1117 1875 1161 hoc
1893 1118 2022 1161 hodie

1770 1174 2050 1227 praesentius

1808 1234 1875 1272 est
1892 1241 2022 1280 quam

1844 1288 1988 1327 antea.
