2315 3559
166 537 221 569 De
243 538 355 569 statu
382 537 500 579 relig.

227 587 266 619 q.
281 579 314 610 4.
331 588 371 611 n.
384 580 437 611 46.

240 1751 386 1795 firmat

204 1805 432 1851 Ordinatio

256 1877 377 1916 gen„

170 2744 312 2777 Ordin.
330 2746 460 2788 Praep.

162 2787 303 2819 Gener.
320 2795 468 2820 comm.

191 2829 265 2860 toti
296 2830 441 2861 Societ.

223 2877 256 2901 c.
274 2870 303 2901 Ι.
321 2879 361 2901 n.
377 2871 409 2902 4.

161 2911 262 2942 Inst.
280 2913 318 2942 S.
336 2913 364 2942 Ι.
381 2911 461 2945 vol.

186 2952 232 2983 ΙΙ.
249 2952 311 2984 ed.
330 2954 450 2993 Prag.

172 2993 266 3025 1757.
284 3002 379 3034 pag.
394 2995 468 3027 240.

545 184 647 244 0240
719 206 968 246 EPISTOLA
1007 209 1055 247 R.
1100 208 1145 248 P.
1189 210 1240 248 N.
1283 211 1401 249 ANT.
1452 210 1576 250 MAR.
1625 210 1933 251 ANDERLEDY

614 352 787 416 Quare
847 354 1041 409 metuit
1086 355 1140 409 P.
1190 355 1500 410 Leonardus
1556 357 1785 425 LessiUS,
1832 375 1899 412 ne
1953 358 2110 426 spiri-

546 452 764 507 tualiter
800 462 1254 524 computrescant,
1285 455 1379 523 qui
1419 474 1473 510 se
1500 456 1913 524 consanguineis
1941 457 2109 511 nimia

546 553 912 608 familiaritate
955 554 1308 622 coniungunt.

612 650 745 705 Sunt
783 660 963 706 tamen
1001 662 1250 720 parentes
1288 654 1424 708 bene
1464 654 1621 708 multi
1660 654 1821 708 alieni
1847 672 1877 708 a
1904 656 2108 709 mundo

541 768 601 804 ac
667 751 836 805 dediti
886 751 1091 819 pietati.
1140 753 1206 806 At
1254 770 1382 807 vero
1444 753 1498 807 in
1560 753 1736 820 patria
1786 753 1949 807 domo
1998 770 2107 807 non

541 849 595 903 in
634 852 776 905 solos
822 850 1150 906 incurrimus
1195 861 1462 920 parentes,
1511 853 1642 907 Dein
1687 852 1934 920 longiora
1984 870 2107 908 cum

538 948 684 1004 hisce
722 949 993 1017 colloquia
1031 968 1092 1004 ac
1123 951 1378 1006 visitandi
1429 952 1810 1020 salutandique
1856 953 2108 1021 frequen-

537 1048 629 1115 tia,
681 1057 793 1102 tum
838 1049 1047 1105 litterae
1092 1052 1234 1106 ultro
1279 1051 1525 1120 citroque
1565 1052 1761 1107 missae
1806 1053 2104 1121 paratiores

538 1148 740 1202 faciunt
805 1149 872 1203 ad
935 1150 1095 1205 huius
1157 1151 1370 1218 generis
1439 1152 1699 1220 obsequia
1760 1153 1924 1207 etiam
1985 1153 2104 1207 aliis

536 1251 877 1317 praestanda,
932 1252 1015 1305 vel
1066 1253 1376 1319 quaerenda
1425 1253 1568 1320 apud
1621 1253 1766 1321 ipsos
1816 1255 2104 1308 commoda

537 1349 676 1404 vitae
720 1367 780 1403 ac
807 1350 1187 1406 iucunditates
1230 1352 1505 1406 Accedunt
1548 1353 1796 1407 convivia
1842 1361 1893 1408 et
1931 1354 2105 1408 oblec-

535 1459 791 1518 tamenta,
846 1468 984 1519 quae
1051 1461 1358 1519 congruunt
1424 1453 1781 1508 saecularium
1837 1453 2098 1522 moribUS,

534 1552 819 1606 hominum
877 1570 1004 1606 vero
1060 1553 1168 1607 Deo
1225 1571 1502 1608 sacrorum
1559 1554 1811 1622 dignitati
1866 1572 1928 1608 ac
1981 1555 2103 1609 reli-

533 1652 686 1719 gioso
731 1653 926 1707 decoro
971 1654 1128 1720 plane
1173 1661 1297 1707 sunt
1339 1654 1627 1708 contraria.

602 1752 687 1807 17.
730 1752 875 1816 Quae
920 1771 1043 1808 cum
1089 1753 1163 1807 ita
1212 1753 1336 1822 sint,
1378 1772 1486 1808 non
1536 1771 1784 1808 vacarem
1828 1755 2003 1822 culpa,
2057 1753 2101 1807 si

535 1860 749 1920 paterer
780 1853 835 1907 in
867 1853 1279 1908 desuetudinem
1319 1853 1467 1908 abire
1499 1853 1927 1921 Ordinationem,
1962 1872 2100 1922 quae

535 1954 843 2008 facultatem
890 1952 1099 2007 visendi
1142 1962 1392 2022 parentes
1430 1971 1460 2008 a
1498 1955 1610 2008 solo
1655 1954 1900 2009 Generali
1947 1954 2102 2009 Prae—

533 2053 710 2121 posito
770 2053 888 2108 dari
938 2070 1094 2121 posse
1155 2053 1425 2122 praefinit.
1481 2052 1702 2121 Sapiens
1748 2053 1838 2108 illa
1893 2062 1989 2121 est,
2049 2062 2100 2108 et

530 2160 673 2207 tutos
736 2160 974 2221 praestat
1029 2152 1324 2221 provinciis
1384 2153 1724 2221 praepositos
1781 2153 1848 2207 ab
1898 2153 2101 2221 impor-

531 2252 677 2306 tunis
739 2260 1027 2320 parentum
1088 2252 1356 2320 precibus,
1419 2251 1550 2307 Cum
1611 2261 1791 2308 tamen
1859 2252 2100 2308 incidant

528 2370 738 2421 causae,
787 2370 926 2421 quae
971 2352 1361 2421 profectionem
1408 2353 1462 2407 in
1507 2353 1740 2421 patriam
1787 2353 1901 2407 sine
1946 2370 2098 2407 mora

528 2453 807 2521 suadeant,
850 2453 1115 2507 tributum
1154 2453 1256 2507 hoc
1295 2461 1376 2507 est
1413 2453 1722 2521 provinciae
1762 2453 2092 2521 Praeposito,

526 2560 585 2606 ut
611 2560 933 2620 potestatem
962 2551 1171 2606 itineris
1200 2553 1372 2607 facere
1404 2560 1520 2607 tum
1548 2553 1781 2621 denique
1809 2552 2003 2621 possit;
2035 2569 2095 2607 ea

527 2660 707 2706 tamen
734 2653 870 2719 lege,
901 2660 961 2706 ut
987 2651 1248 2719 adiungat
1281 2653 1487 2706 socium
1515 2652 1617 2707 iter
1644 2654 1850 2707 facturo
1884 2660 1935 2706 et
1961 2652 2092 2720 quid

527 2751 699 2819 egerit
747 2751 1015 2818 significet
1069 2754 1417 2819 postmodum
1464 2752 1775 2820 Praeposito
1826 2751 2089 2806 Generali.

596 2852 713 2905 Non
776 2868 895 2905 sum
958 2858 1137 2905 tamen
1200 2852 1428 2919 nesciuS,
1494 2853 1674 2920 plures
1736 2851 1857 2906 ideo
1921 2851 2092 2905 visere

528 2951 662 3005 velle
695 2967 818 3004 suos
851 2949 1205 3018 propinquos,
1242 2959 1300 3004 ut
1331 2969 1519 3005 eorum
1551 2950 1872 3019 provideant
1909 2950 2085 3004 saluti.

528 3050 629 3105 Sed
674 3050 968 3119 prospiciet
1011 3049 1125 3117 ipse
1169 3050 1325 3118 Deus,
1369 3051 1412 3104 si
1451 3067 1566 3118 nOS,
1615 3050 1842 3105 Domino
1882 3050 2085 3118 fideleS,

525 3152 671 3219 quod
718 3158 963 3205 nostrum
1008 3158 1087 3205 est
1124 3158 1176 3205 et
1219 3152 1365 3219 quod
1404 3150 1680 3205 Altissimo
1725 3150 1990 3218 vovimUS,
2032 3150 2086 3204 id
