2315 3559
330 237 396 274 DE
422 237 500 272 Bss.
533 235 657 272 Enii.
690 234 939 272 CAMPIANI
968 236 1030 272 ET
1059 234 1319 272 soclossmt
1351 235 1613 272 marimo
1686 219 1751 272 47
1825 227 1829 232 “

193 382 511 444 declaratur,
543 378 596 431 in
630 378 999 432 sacerdotibus
1041 377 1385 445 potissimum
1425 395 1538 430 esse
1576 377 1754 430 elabo-

195 479 441 543 randum,
473 494 670 543 eosque
698 477 1013 530 excolendos
1041 476 1284 530 otiosius.

264 577 371 629 Hoc
412 576 586 643 posito
614 576 767 643 quasi
810 576 1180 640 l‘undamentO,
1219 575 1302 628 bis
1339 574 1512 627 verbis
1544 573 1755 640 incepta

195 675 539 743 prosequitur
570 674 618 728 S.
653 675 689 727 F
694 676 924 728 undator
955 693 963 727 :
997 689 1022 722 «
1051 676 1128 728 Ad
1158 674 1439 728 meliorem
1473 691 1531 726 ac
1565 672 1756 726 certio-

197 794 222 825 ))
262 791 376 827 rem
414 790 639 840 operum
677 773 1012 839 electionem,
1054 774 1120 827 ad
1161 790 1299 839 quae
1337 771 1593 839 Superior
1632 787 1755 823 suos

197 893 222 924 i)
264 872 446 938 mittit,
488 873 675 926 eadem
711 874 895 938 regula
929 873 996 925 ob
1034 873 1215 925 oculos
1256 878 1514 936 versetur,
1556 869 1758 922 scilicet

198 991 222 1023 ))
263 971 483 1024 Divinus
529 972 702 1025 honor
746 971 918 1024 maior
969 971 1254 1037 maiusque
1297 970 1500 1023 bonum
1546 969 1761 1021 univer-

198 1090 223 1122 )>
264 1071 388 1123 sale.
423 1089 447 1121 ))
490 1071 561 1123 Ea
589 1071 653 1124 de
680 1088 839 1124 causa
870 1087 966 1123 nos
1004 1071 1159 1124 docet
1185 1068 1485 1136 spiritualia
1516 1067 1580 1120 iis
1615 1075 1761 1120 ante-

1880 983 1980 1015 decl.
2004 984 2047 1014 E.

197 1186 394 1235 ponere
455 1186 592 1236 quae
655 1169 720 1222 ad
776 1186 969 1235 corpus
1025 1168 1293 1235 pertinent
1312 1186 1322 1232 ;
1388 1184 1526 1233 quae
1588 1165 1760 1230 magis
1825 1211 1827 1214 ,

197 1275 389 1332 urgent
433 1267 496 1320 iis
541 1284 680 1334 quae
734 1267 960 1320 remedii
1005 1266 1318 1320 dilationem
1370 1266 1574 1328 ferunt;
1623 1281 1762 1331 quae

198 1366 452 1432 peculiari
490 1366 651 1419 modo
686 1367 750 1420 ad
781 1366 1100 1420 Societatem
1140 1365 1409 1432 pertinent
1450 1365 1530 1416 vel
1564 1363 1760 1430 quibus

198 1465 287 1518 alii
315 1483 422 1519 non
451 1474 638 1519 vacant
665 1465 1073 1532 praestabiliora
1101 1473 1291 1532 putare
1318 1463 1505 1516 alienis
1533 1481 1561 1515 a
1588 1462 1764 1516 Socie-

200 1574 305 1619 tate
326 1574 377 1619 et
398 1565 462 1618 iis
485 1583 622 1632 quae
643 1573 899 1618 curantur
921 1565 987 1617 ab
1009 1564 1156 1629 aliis3
1189 1581 1326 1630 quae
1348 1561 1618 1616 securiora
1640 1569 1764 1614 sunt

202 1663 449 1718 tractanti
487 1663 551 1716 iis
579 1681 718 1730 quae
752 1671 874 1716 sunt
912 1662 1322 1730 periculosiora,
1354 1678 1492 1728 quae
1520 1660 1762 1727 pluribus

199 1771 440 1830 prosunt,
475 1770 533 1815 ut
571 1761 870 1816 contionari
914 1763 992 1815 vel
1030 1763 1226 1828 legere,
1269 1760 1333 1813 iis
1374 1778 1511 1828 quae
1551 1759 1766 1826 paucio-

199 1861 365 1928 ribus,
391 1869 448 1914 ut
473 1861 833 1915 confessiones
873 1860 1088 1925 audire,
1121 1877 1283 1927 opera
1322 1857 1661 1912 diuturniora
1700 1857 1765 1910 iis

197 1978 337 2027 quae
371 1961 436 2013 ad
464 1968 675 2027 tempus
703 1959 956 2026 exiguum
992 1959 1194 2012 iuvant.
1239 1959 1380 2012 Haec
1420 1957 1582 2011 verbo
1611 1964 1765 2010 tenus

202 2060 310 2113 sere
382 2077 442 2112 ex
519 2058 973 2113 Constitutionum
1047 2066 1196 2124 parte
1271 2056 1517 2124 septima,
1593 2054 1766 2122 capite

202 2160 453 2225 secundO,
512 2158 835 2225 transcripta
895 2157 1142 2211 ordinem
1206 2155 1476 2221 exhibent,
1541 2154 1634 2222 qui
1699 2155 1765 2208 ad

198 2257 251 2311 S.
285 2257 454 2311 Patris
492 2257 661 2310 nostri
700 2264 937 2310 mentem
972 2256 1026 2309 in
1065 2255 1114 2309 S.
1154 2254 1469 2308 ministeriis
1504 2254 1766 2308 tenendus

199 2366 298 2410 ssS't.

271 2455 353 2508 224.
382 2455 561 2508 Primo
583 2454 804 2522 quidem
827 2471 1023 2521 operae
1044 2452 1338 2521 spiritualis
1362 2451 1499 2505 ratio
1522 2451 1768 2505 habenda

203 2563 283 2608 est
310 2554 504 2622 potior,
543 2571 706 2621 quam
739 2553 900 2619 illius,
943 2571 1081 2620 quae
1107 2552 1424 2620 corporibus
1459 2551 1762 2618 praebetur.

274 2653 518 2708 Curanda
568 2653 779 2719 deinde,
811 2652 854 2706 si
886 2670 1023 2719 quae
1056 2660 1197 2717 sunt,
1239 2668 1378 2718 quae
1414 2667 1623 2704 moram
1661 2667 1768 2703 non

207 2753 400 2806 ferunt.
434 2753 492 2804 In
529 2751 724 2819 quibus
751 2760 952 2817 tamen,
984 2751 1026 2804 si
1065 2749 1342 2804 Societatis
1376 2748 1627 2817 propriae
1660 2765 1768 2801 non

205 2850 330 2915 sint,
361 2849 563 2904 diutius
585 2849 834 2918 occupari
862 2867 969 2903 non
992 2848 1259 2915 convenit,
1291 2865 1455 2916 quam
1482 2847 1767 2901 necessitas

209 2948 516 3018 postulabit.
560 2949 637 3001 Ita
675 2947 725 3002 S.
775 2948 1031 3015 Ignatius,
1079 2947 1192 3015 qui,
1240 2954 1298 3000 ut
1341 2947 1597 3014 quodque
1634 2962 1767 3012 opus

203 3048 526 3114 absolverat,
580 3047 787 3101 idoneis
837 3046 1148 3100 hominibus
1192 3046 1305 3100 eius
1356 3045 1531 3113 operis
1582 3060 1766 3098 curam

205 3147 554 3213 demandare,
580 3145 692 3213 ipse
718 3145 999 3199 confestim
1026 3162 1145 3199 eam
1166 3145 1435 3212 deponere
1457 3142 1677 3196 solebat.

1889 2268 1988 2300 decl.
2013 2269 2055 2299 E.

1838 2453 1885 2490 ut
1902 2446 2112 2500 operibus

1820 2501 2134 2555 spiritualibus,

1812 2855 1911 2899 dein
1937 2855 2001 2904 iis,
2024 2869 2138 2915 quae

1832 2924 1920 2953 non
1945 2917 2117 2963 patiun-

1843 2971 1915 3008 tur
1928 2978 2114 3015 moram,
