2315 3559
230 1372 488 1435 Quareiure

232 1435 481 1482 inernoque

570 203 672 262 290
829 221 1077 261 EPISTOLA
1115 220 1164 260 R.
1209 221 1255 260 P.
1299 222 1349 260 N.
1395 218 1637 260 Luoovch
1677 218 1875 259 MARTIN

567 377 716 424 sente
776 370 975 438 populo
1042 367 1355 434 christiano,
1420 383 1594 435 neque
1655 364 1803 419 horis
1858 363 2128 419 consuetis

567 468 855 523 convenire
904 468 1094 535 solent,
1143 468 1234 522 sed
1287 466 1340 520 in
1394 466 1524 521 locis
1569 483 1598 519 a
1652 464 1854 532 templo
1906 463 2127 517 remotis

568 568 827 636 horisque
889 566 1126 633 incertiS,
1180 573 1342 634 prout
1401 566 1503 620 sert
1563 564 1857 619 eorundem
1913 562 2131 617 vivendi

569 669 762 723 modus
779 687 790 734 ;
849 667 1084 735 denique
1140 665 1503 726 inverecunda
1559 681 1775 719 morum
1832 660 2127 730 corruptiO,

567 770 726 824 latius
754 769 808 823 in
837 768 950 824 dies
978 784 1216 836 serpenS,
1247 775 1299 822 et
1329 767 1484 822 nobis
1516 766 1647 835 ipsis
1678 763 1902 819 insidias
1930 762 2132 831 ubique

567 887 781 938 parans,
823 867 1022 937 quibus
1066 866 1450 936 praecavendis
1499 866 1676 934 impar
1720 881 1877 933 saepe
1916 870 1996 918 est
2037 861 2132 916 Su-

568 967 845 1037 periorum
896 965 1211 1034 vigilantia:
1259 966 1409 1033 haee,
1458 964 1702 1034 inquam,
1750 971 1803 1018 et
1846 961 1947 1017 alia
1992 978 2131 1029 quae

567 1066 847 1122 brevitatis
915 1083 1076 1120 causa
1142 1063 1536 1133 praetermittO,
1595 1062 1814 1132 gravius
1883 1077 2133 1130 praesen-

567 1169 785 1238 tiusque
852 1167 906 1221 in
980 1166 1094 1222 dies
1157 1166 1393 1221 reddunt
1464 1163 1784 1233 periculum,
1856 1162 1911 1216 in
1984 1160 2130 1230 quod

568 1268 737 1324 animi
788 1267 976 1324 levitas
1035 1266 1312 1335 operarios
1363 1273 1577 1320 nostros
1635 1263 1882 1319 conicere
1932 1268 2126 1331 potest.

635 1368 721 1423 19.
763 1367 937 1432 Quare
992 1366 1109 1421 iure
1171 1365 1477 1434 meritoque
1539 1364 1919 1433 praedecessor
1980 1378 2132 1415 meus

197 1483 440 1538 Praepositi
480 1488 524 1528 et
566 1469 740 1524 bonae
778 1467 1075 1523 memoriae
1126 1467 1181 1521 P.
1229 1465 1548 1533 Anderledy,
1591 1463 1932 1519 Generalium
1982 1477 2133 1530 prae-

207 1538 501 1593 Congregafio

246 1593 475 1639 Generafis

318 1663 398 1693 nos

231 1705 485 1749 fflhnonent

566 1570 876 1626 cedentium
932 1577 984 1624 et
1040 1568 1210 1637 ipsius
1271 1566 1322 1622 S.
1366 1566 1559 1634 Ignatii
1610 1564 1836 1632 vestigia
1897 1570 2129 1629 secutUS,

568 1671 956 1727 detrimentum
1008 1670 1128 1737 hoo,
1177 1669 1324 1737 quod
1383 1666 1617 1722 Societas
1667 1682 1856 1734 capere
1901 1669 2130 1732 poterat,

569 1771 809 1841 epistolis
888 1770 999 1826 suis
1072 1768 1430 1836 denuntiavit,
1507 1776 1559 1823 et
1636 1775 1818 1822 sancta
1897 1762 2135 1819 Instituti

570 1871 902 1941 praescripta
951 1887 1147 1938 urgere
1200 1886 1309 1923 non
1370 1867 1593 1935 destitit,
1653 1883 1792 1935 quae
1845 1864 1972 1919 huic
2029 1862 2136 1932 spi-

569 1971 698 2026 ritui
749 1977 1124 2040 opponuntur3
1178 1967 1467 2037 praecipue
1512 1983 1638 2021 vero
1684 1966 1928 2033 regulam
1980 1962 2130 2030 socii,

569 2089 708 2141 quae
758 2089 865 2126 una
926 2070 1096 2125 instar
1148 2071 1446 2124 multorum
1496 2075 1575 2123 est
1625 2066 1691 2121 ad
1742 2064 1954 2119 infinita
2002 2064 2134 2118 haec

569 2174 710 2228 mala
753 2173 1064 2228 avertenda.
1104 2171 1242 2235 Quin
1281 2170 1450 2224 immo
1479 2175 1751 2238 postrema
1777 2163 2133 2233 Congregatio

569 2273 862 2342 GeneraliS,
921 2290 1045 2328 cum
1108 2271 1249 2327 serio
1312 2269 1671 2339 perpenderet
1727 2268 1882 2336 plura
1943 2284 2005 2321 ex
2068 2265 2134 2320 iis

569 2391 708 2444 quae
748 2372 982 2429 diximus
1021 2373 1087 2427 ad
1133 2371 1391 2427 tuendam
1436 2370 1741 2438 regularem
1791 2365 2134 2435 disciplinam

570 2472 803 2529 maxime
852 2471 1153 2529 necessaria
1169 2491 1181 2539 ;
1247 2489 1308 2526 ea
1367 2469 1720 2539 Superiorum
1782 2466 2028 2522 omnium
2084 2471 2136 2519 et

569 2574 890 2644 praesertim
943 2572 1241 2642 Praepositi
1286 2570 1558 2627 Generalis
1603 2586 1764 2624 curae
1808 2576 1861 2623 et
1909 2565 2135 2634 vigilan-

569 2677 675 2732 tiae
726 2676 877 2732 enixe
938 2674 1314 2730 commendata
1367 2672 1554 2741 voluit,
1608 2679 1668 2726 ut
1721 2669 2009 2738 diligenter
2068 2666 2135 2721 ab

570 2777 822 2833 omnibus
878 2776 1140 2832 servanda
1201 2782 1471 2841 curarent,
1526 2781 1578 2828 et
1628 2771 1783 2839 nihil,
1838 2771 1919 2825 vel
1976 2767 2134 2823 mini-

571 2895 721 2933 mum
766 2877 1008 2946 quidem,
1050 2876 1117 2930 ab
1155 2894 1215 2931 ea
1255 2874 1539 2930 severitate
1584 2873 1921 2928 remitterent
1969 2887 2133 2939 quam

572 2980 626 3034 in
677 2979 825 3034 hisce
873 2976 1125 3033 omnibus
1182 2976 1494 3031 Institutum
1544 2982 1790 3029 nostrum
1833 2971 2013 3039 exigit.
2055 2971 2133 3026 Ad

572 3098 658 3136 me
711 3079 878 3147 igitur
927 3078 1073 3146 quod
1137 3085 1357 3145 spectat,
1412 3075 1520 3130 ΗΒ.
1576 3074 1758 3129 Patres
1815 3073 2134 3139 Fratresque

570 3178 859 3247 carissimi,
924 3195 1009 3233 me
1083 3177 1323 3232 muneris
1397 3174 1503 3231 mei
1577 3173 1820 3244 partibus
1897 3171 2134 3239 graviter
