2315 3559
819 245 918 282 BEN
947 258 1009 265 —
1038 244 1132 282 CAR
1658 228 1748 283 4³21

201 389 465 442 peculiarius
487 389 649 432 donum
671 388 891 441 accipiunt
912 387 985 441 qui
1008 387 1059 430 ad
1081 387 1315 430 missiones
1348 394 1519 430 exteras
1543 394 1756 430 vocantur·

199 475 251 527 (Ι,
274 474 345 525 49)
370 488 378 516 :
404 473 491 517 vid.
516 473 717 517 Vocatio.
739 472 994 516 Missiones.

255 558 429 602 Piorum
450 556 675 601 beneficiis
698 556 883 599 vivimus
905 570 951 599 ac
984 563 1283 600 sustentamur
1304 556 1374 608 (ΙΙ,
1399 553 1512 600 413).
1538 554 1589 598 Et
1610 554 1752 608 ipsum

197 644 279 687 hoc
316 643 579 687 beneficium
609 641 822 695 estquod
855 655 1034 695 operam
1073 648 1267 686 nostram
1306 640 1514 684 adhibere
1556 639 1756 684 homines

199 743 287 772 non
308 735 516 772 recusent
533 727 605 780 (ΙΙ,
628 727 741 780 466).

255 814 418 857 Pudeat
448 814 733 857 vehementer
762 813 901 867 pluris
933 813 1078 856 facere
1111 812 1178 856 vel
1209 812 1385 856 unicum
1409 826 1459 855 ex
1488 824 1576 855 uno
1607 824 1754 865 spera-

195 906 286 943 tum
307 900 585 953 beneficium,
610 913 739 953 quam
762 913 813 943 ex
834 900 927 943 aliis
948 899 1082 943 muita
1105 905 1308 953 suscepta
1329 899 1398 951 (ΙΙ,
1418 897 1504 949 29).

248 1026 355 1070 BEN
358 1026 659 1070 EVOLENTIA
675 1026 749 1070 Dei
764 1026 913 1070 sedula
930 1040 1035 1079 erga
1050 1040 1130 1069 nos
1142 1025 1295 1078 ‹'1,154)
1314 1040 1322 1068 :
1341 1025 1429 1069 vicl.
1445 1024 1753 1069 Providentia.

246 1112 574 1156 Benevolentia
614 1126 726 1165 quae
768 1111 988 1156 nascentis
1029 1111 1256 1154 Societatis
1296 1109 1494 1153 membra
1535 1108 1754 1153 vinciebat

192 1198 243 1250 (Ι,
272 1196 364 1243 164)
389 1210 400 1240 .·
424 1196 514 1241 rid.
541 1197 731 1241 Caritas.

247 1283 574 1327 Benevolentia
595 1289 877 1326 externorum
909 1281 1181 1325 concilianda
1201 1282 1253 1333 (Ι,
1277 1281 1375 1327 211)
1401 1295 1408 1323 ;
1437 1280 1522 1324 t’e'd.
1548 1281 1751 1325 Externi.

247 1408 577 1452 BENIGNITAS
600 1408 676 1452 Dei
693 1408 745 1451 ad
764 1422 843 1452 nos
860 1407 1131 1451 adim-andos
1147 1408 1199 1459 (Ι,
1215 1407 1285 1456 4⁶2)
1305 1421 1313 1449 :
1336 1406 1423 1450 vid.
1443 1407 1751 1452 Perfeotiones

193 1492 390 1537 divinae.

245 1578 511 1633 Benignitas
533 1582 576 1621 et
594 1577 886 1621 mansuetudo
909 1577 951 1621 in
984 1576 1258 1620 Praelatione
1288 1576 1500 1630 requisita
1530 1578 1621 1629 (Ill,
1651 1577 1715 1622 18›
1740 1591 1748 1619 :

194 1664 282 1709 vid.
303 1664 596 1709 Guhematio.

189 1790 480 1845 {BONITAS
498 1790 643 1833 divina
659 1796 701 1834 et
718 1803 887 1834 summa
901 1790 1023 1843 (me)
1041 1790 1093 1833 ad
1109 1789 1428 1844 perfectionem
1447 1789 1574 1834 nobis
1592 1797 1750 1844 sponte

186 1876 474 1930 largiendam,
499 1890 630 1930 quam
662 1890 742 1920 nos
773 1876 826 1919 ad
865 1875 1050 1919 eandem
1072 1875 1423 1929 investigandam
1454 1875 1652 1930 paratior
1683 1883 1750 1919 est

189 1963 240 2015 (1,
263 1961 306 2014 9.)
330 1972 338 2001 :
366 1961 454 2006 vid.
479 1962 788 2007 Perfectiones
811 1962 1008 2006 divinae.

240 2089 601 2143 BREVIARIUM,
623 2088 667 2132 in
696 2088 937 2132 cotidianas
970 2101 1145 2142 preces,
1170 2088 1311 2132 solum
1348 2103 1497 2132 secum
1535 2087 1748 2132 efferebat

185 2174 321 2218 Roma
357 2173 589 2218 discedens
622 2174 662 2218 S.
696 2174 957 2218 Franciscus
989 2173 1200 2218 Xaverius
1232 2174 1303 2225 (ll,
1336 2173 1420 2225 68).
1460 2173 1614 2217 Cetera
1654 2173 1744 2217 vid.

189 2259 393 2305 Officium
415 2260 634 2304 divinum.

244 2467 638 2544 CALAMITATES
659 2499 820 2543 multae
842 2513 923 2543 nos
943 2505 1151 2553 premunt
1172 2500 1243 2553 (11,
1266 2499 1364 2553 257)
1385 2515 1393 2543 :
1416 2499 1502 2543 cm.
1522 2501 1742 2545 Adversa.

243 2633 538 2677 CANDIDATI
559 2632 611 2675 ad
633 2632 892 2676 Societatem
933 2632 1003 2686 (ll,
1028 2632 1125 2685 427)
1150 2647 1158 2675 :
1185 2632 1272 2676 vid.
1296 2633 1593 2678 Admittendj.

242 2718 478 2762 Candidati
499 2717 551 2760 ad
573 2717 771 2770 regimen
794 2718 864 2769 (ΙΙ,
888 2716 985 2769 223)
1012 2732 1019 2759 ;
1046 2716 1134 2761 vid.
1161 2717 1449 2762 Gubernatio.

242 2843 473 2887 CARITAS
489 2856 600 2896 quae
615 2843 708 2896 ipse
721 2842 836 2886 Deus
854 2850 919 2886 est
932 2843 1109 2897 (1319ss
1130 2843 1530 2889 cicl.Perfectiones
1541 2845 1736 2889 divinae.

240 2928 415 2972 Caritas
439 2942 525 2981 qua
546 2927 742 2971 Christus
766 2928 914 2972 dilexit
942 2943 1023 2972 nos
1045 2930 1096 2981 (Ι,
1119 2929 1190 2978 83)
1215 2944 1223 2972 :
1251 2929 1338 2973 vid.
1363 2930 1738 2974 Iesus-Christus.

241 3014 431 3066 Caritas,
459 3016 507 3057 ut
540 3014 688 3057 w'rtus
723 3012 990 3068 tlzeoloqera,
1013 3015 1118 3058 alias
1151 3029 1305 3058 ornnes
1338 3016 1533 3059 continet
1565 3016 1616 3063 (Ι,
1655 3017 1736 3064 15),

187 3099 373 3152 diligens
413 3098 548 3142 Deum
591 3112 726 3152 super
765 3099 909 3142 omnia
943 3101 995 3152 (Ι,
1033 3100 1246 3153 316-318),
1290 3107 1332 3143 et
1371 3101 1528 3144 iustam
1569 3100 1736 3145 hahens

185 3185 400 3229 rationem
422 3184 624 3239 proximi,
648 3191 694 3228 ut
715 3185 814 3229 Iesu
835 3185 989 3230 Christi
1013 3187 1227 3240 sanguine
1248 3186 1464 3240 redempti
1487 3186 1578 3239 (111,
1601 3186 1698 3236 244)
1724 3202 1732 3230 :
