2315 3559
562 237 610 274 R.
655 235 701 273 p.
743 236 795 274 N.
839 234 1045 273 CLAUDII
1083 233 1377 280 AQUAVIVAE
1640 216 1742 272 363

211 380 295 424 6-7.
334 380 594 434 Superiores
630 379 798 423 servari
838 385 996 422 curent
1032 377 1386 422 benevolentiam
1427 383 1738 429 externorum3

295 480 448 510 omnes
482 471 633 510 mutua
673 465 790 509 inter
834 479 880 509 se
917 465 1096 508 caritate
1140 464 1276 508 artius
1312 462 1632 511 devinciamur,
1668 463 1740 516 qui

290 551 460 595 fructus
478 550 562 594 erit
581 549 830 594 huiusmodi
853 549 1202 593 tribulationum.

211 637 249 681 8.
294 636 492 690 Denique
522 636 575 679 ad
608 635 716 679 haec
752 635 898 678 omnia
926 648 1007 689 pro
1044 634 1257 688 gravitate
1290 632 1564 677 necessitatis
1588 646 1742 676 omnes

291 722 533 777 invigilent.

185 890 319 943 XIII.
344 904 410 942 An
438 904 631 941 PATRES
658 903 721 941 ET
754 903 983 941 FRATRES
1016 902 1330 953 soclETATIS,
1355 885 1423 940 24
1452 885 1587 939 iunii
1609 884 1744 940 1604

180 1019 256 1072 De
280 1018 619 1073 renovatione
643 1018 875 1085 spiritus
905 1024 953 1071 et
978 1016 1443 1083 correspondentia
1479 1033 1601 1068 cum
1637 1015 1742 1068 Deo

626 1136 798 1203 (Tom.
832 1137 870 1202 l,
902 1153 990 1203 pp.
1021 1134 1295 1201 292-325.)

211 1286 293 1330 1-2.
327 1285 587 1331 Necessaria
628 1292 695 1330 est
733 1286 963 1330 renovatio
1005 1285 1199 1340 spiritus,
1238 1285 1368 1329 etiam
1407 1283 1654 1339 provectis;
1697 1290 1744 1328 ut

291 1372 556 1417 tentationes
577 1372 756 1416 vincant
790 1372 966 1416 assiduo
1002 1371 1242 1415 luctamine
1277 1371 1491 1415 adversus
1512 1369 1741 1423 mundum,

292 1458 568 1511 daemonem,
591 1472 786 1501 carnem.
812 1457 956 1510 Quare
988 1457 1263 1501 stimulamur
1292 1457 1452 1500 iterum
1484 1456 1537 1500 ad
1558 1469 1744 1500 renova-

291 1543 455 1587 tionem
477 1542 818 1597 procurandam.

213 1627 298 1672 3-4.
340 1627 433 1672 Fiat
479 1633 624 1672 autem
672 1642 757 1672 usu
803 1627 1113 1671 exercitiorum
1167 1626 1457 1681 spiritualium
1511 1626 1743 1670 occasione

294 1713 497 1767 Iuhilaei;
531 1719 574 1758 et
603 1713 846 1768 speciatim,
870 1713 1225 1757 consideratione
1262 1719 1400 1757 status
1436 1726 1485 1756 ac
1521 1712 1743 1766 dignitatis

291 1798 530 1853 Religionis
551 1805 745 1852 nostrae,
771 1813 883 1853 quae
914 1804 982 1843 est
1010 1799 1149 1843 instar
1177 1798 1346 1853 Templi
1377 1798 1742 1852 Ierosolymitani‚

292 1891 384 1929 tres
415 1884 470 1929 ob
505 1885 617 1929 fines
651 1891 856 1928 accurate
890 1898 915 1928 a
947 1884 1165 1939 Propheta
1201 1884 1426 1938 descripti.
1462 1884 1666 1929 Primus:
1698 1890 1746 1928 ut

292 1969 386 2014 eius
426 1970 797 2024 magnificentiam
837 1969 1188 2024 contemplantes
1219 1969 1441 2014 Israelitae
1471 1969 1745 2023 ingratitudi-

292 2069 393 2099 nem
429 2069 556 2099 suam
591 2055 817 2109 lugerent3
857 2054 969 2099 sicut
1003 2068 1101 2108 nos,
1138 2055 1405 2099 admirantes
1440 2054 1485 2098 in
1517 2054 1744 2099 Societatis

294 2140 496 2185 Instituto
549 2140 624 2184 Dei
680 2140 1020 2194 Providentiam,
1070 2140 1291 2194 ingratum
1351 2140 1543 2184 animum
1592 2140 1746 2194 lugere

294 2232 484 2281 oportet.

211 2310 251 2355 5.
293 2310 520 2355 Secundus
564 2325 573 2354 ε
623 2317 672 2355 ut
720 2310 796 2355 Dei
845 2311 1138 2355 assistentiam
1186 2311 1494 2366 intellegentes
1542 2312 1744 2356 timorem

294 2394 422 2439 simul
463 2401 506 2438 et
544 2394 747 2439 fiduciam
798 2396 1100 2450 conciperent.
1145 2396 1280 2447 Quam
1332 2396 1624 2440 assistentiam
1672 2396 1745 2440 Dei

294 2493 401 2534 erga
444 2479 705 2524 Societatem
764 2480 799 2524 si
847 2481 1232 2535 perpenderimus,
1284 2495 1364 2525 nos
1414 2495 1592 2535 quoque
1639 2481 1746 2525 fidu-

295 2565 406 2609 ciam
447 2564 748 2618 concipiemus
788 2565 914 2609 simul
954 2571 998 2609 et
1039 2566 1350 2619 reverentiam,
1392 2566 1628 2610 dummodo
1669 2565 1745 2610 Dei

295 2650 480 2704 gratiam
517 2664 606 2694 non
643 2650 915 2694 declinemus
950 2665 1033 2705 per
1062 2650 1323 2695 effusionem
1355 2651 1408 2695 ad
1439 2658 1635 2705 externa,
1669 2651 1745 2695 sed

294 2748 406 2788 puro
429 2734 520 2778 zelo
544 2734 728 2778 salutem
751 2734 995 2778 animarum
1017 2741 1341 2780 consectemur.

213 2819 298 2864 6-9.
321 2820 493 2864 Tertius
527 2834 536 2863 ε
568 2825 629 2872 ut,
662 2818 863 2864 videntes
899 2821 1252 2875 opportunitates
1286 2822 1547 2876 proficiendi
1580 2822 1622 2865 in
1660 2822 1745 2876 spi-

296 2906 398 2958 ritu,
422 2905 747 2959 neglegentiam
769 2920 891 2950 suam
922 2906 1137 2951 dolerent.
1165 2907 1280 2960 Quas
1313 2907 1667 2962 opportunitates
1704 2914 1747 2951 et

297 3005 378 3035 nos
418 3006 516 3035 cum
555 2991 810 3045 habeamus,
843 2993 1052 3036 confundi
1083 3007 1164 3037 nos
1204 2999 1381 3047 oportet
1409 2999 1559 3037 nostra
1600 2993 1746 3046 negle—

297 3077 460 3132 gentia,
502 3084 545 3121 et
593 3077 804 3121 stimulari
849 3078 902 3121 ad
944 3079 1246 3123 excutiendam
1293 3078 1578 3132 tepiditatem,
1622 3078 1746 3122 cuius

298 3162 456 3207 damna
478 3168 579 3207 sunt
598 3162 786 3216 plurima
807 3168 850 3206 et
870 3163 1069 3216 maxima,
1088 3164 1273 3218 eiusque
1293 3163 1555 3217 multiplices
1576 3163 1747 3208 radices
