2315 3559
493 219 540 257 R.
584 219 629 256 P.
672 220 724 257 N.
768 218 915 257 MICH.
957 218 1080 260 ANG.
1119 219 1410 258 TAMBURINI
1621 205 1724 261 375

279 367 381 406 vota
400 362 655 416 impedient,
676 362 765 416 qui,
783 362 885 407 licet
905 363 1129 408 criminosi
1151 376 1240 408 non
1262 363 1363 417 sint,
1388 368 1535 409 tamen
1550 364 1722 410 laxitate

278 446 392 491 vitae
412 447 647 502 plurimum
671 454 847 491 nocent.

171 531 235 575 10.
263 530 518 575 Remedium
540 531 702 575 docent
717 544 868 575 sacrae
889 531 1092 586 paginae.

172 615 309 659 11-12.
335 616 429 660 Non
458 616 642 660 minoris
672 617 883 660 momenti
914 623 1015 661 sunt
1048 616 1383 662 informationes
1418 617 1473 662 de
1506 617 1720 673 moribus,

277 714 408 755 quam
431 701 484 745 de
508 701 728 754 doctrina;
750 701 855 756 quin
876 702 1023 756 potius
1044 702 1176 757 longe
1196 702 1392 747 maioris.

168 785 305 830 13-15.
349 786 570 831 Hactenus
623 787 736 830 dicta
789 787 1086 832 extenduntur
1129 788 1182 831 ad
1228 787 1451 842 quaelibet
1495 788 1722 834 Societatis

274 871 438 926 munia,
466 886 584 926 ,quae
614 872 757 927 dignis
793 872 936 916 danda
968 873 1013 917 in
1044 873 1305 928 praemium,
1330 873 1448 918 nulla
1468 874 1551 918 alia
1579 874 1721 920 dantis

273 957 591 1012 propensione,
617 971 747 1011 quam
769 957 821 1001 ad
839 971 1029 1012 aequum
1050 959 1389 1014 honestumque.

167 1042 231 1086 16.
274 1042 361 1086 Nec
382 1048 529 1086 tamen
551 1042 816 1087 destituendi
837 1043 1021 1098 indigni,
1047 1043 1124 1088 sed
1145 1044 1199 1088 ad
1221 1044 1411 1089 studium
1432 1045 1720 1100 perfectionis

273 1128 486 1182 erigendi,
506 1134 554 1173 ut
567 1129 674 1173 fiant
693 1128 829 1183 digni.

163 1214 228 1258 17.
253 1215 302 1258 In
321 1214 707 1260 informationibus
729 1215 1081 1271 compescendus
1116 1215 1376 1262 immodicus
1406 1230 1531 1262 amor
1549 1217 1719 1272 patriae

272 1305 316 1344 et
334 1300 703 1355 propinquorum.

162 1385 228 1429 18.
271 1385 406 1429 Fideli
427 1386 640 1430 relatione
672 1386 962 1441 supprimitur
991 1386 1196 1431 distantia
1228 1386 1442 1432 locorum.
1467 1387 1529 1433 Ea
1560 1388 1717 1435 melius

270 1471 555 1516 innotescunt
598 1471 759 1516 subditi
799 1486 929 1526 quam
978 1473 1231 1527 praesentia
1279 1473 1521 1528 corporali3
1563 1474 1716 1519 eadem

272 1557 424 1602 nititur
438 1558 673 1603 universae
693 1558 919 1603 Societatis
940 1559 1158 1613 regimen.

163 1642 300 1688 19-020.
325 1643 665 1688 Informatorum
695 1644 891 1689 delectus
911 1644 1155 1699 habendus,
1178 1650 1227 1690 ut
1260 1644 1379 1689 omni
1414 1645 1563 1701 specie
1582 1645 1717 1691 ambi-

270 1735 341 1774 tus
364 1735 523 1783 amota‚
543 1729 635 1774 sola
654 1730 794 1775 virtus
815 1730 1085 1775 aestimetur.

159 1814 299 1859 ‘21-029..
341 1815 587 1860 Discrimen
620 1815 738 1860 inter
779 1815 1013 1861 blanditias
1047 1815 1394 1870 ambitiosorum,
1439 1822 1483 1862 et
1520 1830 1715 1862 amorem

271 1901 626 1956 obsequentium.
644 1902 894 1950 Conclusio,

160 2123 563 2183 EPISTOLAE
596 2125 663 2181 R.
697 2125 761 2181 P.
790 2126 858 2181 N.
886 2125 1085 2182 MICH.
1114 2124 1712 2184 ANG.TAMBURIN1

212 2277 250 2330 I.
275 2291 342 2329 AD
369 2291 562 2330 PATRES
590 2292 652 2330 ET
678 2291 908 2330 FRATRES
934 2291 1249 2345 soclETA'rIS,
1273 2276 1339 2331 17
1370 2293 1494 2332 nov.
1528 2276 1662 2332 1706

294 2428 371 2482 De
395 2428 572 2482 studio
598 2444 784 2482 rerum
818 2428 1203 2495 spiritualium
1222 2429 1577 2496 promovendo

593 2566 761 2628 (Tom.
792 2567 857 2635 ΙΙ,
887 2584 976 2637 pp.
1007 2566 1278 2636 158-164.)

184 2739 222 2782 1.
265 2737 428 2782 Rerum
445 2736 734 2792 spiritualium
753 2736 943 2782 studium
964 2751 990 2781 a
1008 2736 1227 2793 Congreg.
1251 2737 1322 2782 XV
1338 2737 1708 2793 commendatum,

265 2822 544 2867 commendat
563 2822 658 2877 ipse
684 2822 1010 2877 Superioribus.
1031 2823 1291 2869 Existiment
1310 2838 1417 2879 ergo
1439 2838 1535 2870 eam
1558 2838 1709 2869 curam

266 2908 332 2953 sui
354 2908 483 2953 officii
504 2908 804 2963 praecipuam.

182 2995 224 3039 2.
264 2995 449 3040 Tirones
469 2994 553 3039 rite
573 2994 809 3040 instruant.

183 3082 223 3126 ,ω

266 3082 454 3126 Idoneos
471 3081 650 3136 spiritus
672 3081 922 3127 Praefectos
943 3083 1224 3129 constituant.

184 3168 224 3211 [ι.
266 3167 493 3213 Rationem
516 3167 812 3213 conscientiae
833 3167 1067 3222 diligenter
1086 3169 1277 3224 exigant.
