2315 3559
216 241 283 278 DE
322 240 591 278 PERmULls
629 239 915 277 TEMPORUM
957 240 1271 277 Nosrnonun
1313 241 1562 279 mvmnls
1598 225 1688 279 3⁰2²]

147 392 197 438 et
236 393 516 453 praecepta
560 392 682 438 sunt
698 403 709 449 ;
758 383 830 437 ita
875 392 932 437 ut
980 384 1309 451 quicumque
1354 402 1534 438 veram
1581 386 1698 439 reli-

144 484 326 550 giosae
363 484 707 538 subiectionis
752 484 980 537 formam
1025 502 1345 550 cognoscere
1383 492 1434 539 et
1478 485 1699 538 induere

145 583 385 650 cupiunt,
423 582 716 650 exquisitae
757 600 974 649 prorsus
1005 584 1319 649 prudentiae
1348 592 1398 637 et
1425 584 1699 636 absolutae

146 683 486 749 perfectionis
521 684 841 736 documenta
876 682 1077 736 ibidem
1117 683 1408 736 inveniant.
1434 682 1697 750 Quicquid

146 782 289 835 enim
340 782 394 835 in
433 781 652 835 homine
701 781 1043 849 potissimum
1085 790 1240 836 estet
1277 783 1695 850 nobilissimum,

146 882 390 934 voluntas
442 880 643 934 scilicet
691 887 743 934 et
792 881 1074 948 iudicium,
1128 889 1300 935 totum
1356 882 1462 936 Deo
1508 882 1701 936 immo-

144 981 364 1034 landum
404 979 747 1047 praescribit;
801 981 872 1034 ita
924 989 980 1034 ut
1048 983 1292 1034 voluntas
1337 989 1388 1035 et
1438 981 1697 1036 iudicium

143 1078 443 1146 Superioris
489 1079 556 1132 sit
594 1079 750 1132 unica
799 1097 989 1133 norma
1040 1080 1252 1134 volendi
1303 1088 1354 1134 et
1404 1080 1695 1134 iudicandi.

143 1177 280 1240 Quin
319 1178 487 1231 immo
532 1179 901 1233 omnimodam
954 1180 1089 1232 hanc
1133 1179 1430 1234 intellectus
1471 1181 1701 1234 submis—

142 1277 348 1331 sionem
388 1278 522 1331 adeo
561 1277 917 1331 necessariam
957 1277 1011 1330 in
1061 1279 1485 1346 obtemperando
1524 1279 1700 1333 existi—

145 1376 344 1442 mabat⁷
409 1384 468 1430 ut
528 1377 796 1430 affirmare
864 1394 969 1430 non
1038 1378 1383 1444 dubitaverit,
1444 1396 1552 1445 eos,
1606 1379 1699 1447 qui

146 1478 372 1543 implent
432 1477 653 1544 quidem
712 1477 873 1543 iussa,
935 1479 1025 1532 sed
1090 1478 1290 1532 iudicio
1353 1479 1696 1546 dissentiunt,

142 1591 249 1627 uno
294 1581 502 1628 tantum
552 1576 687 1643 pede
736 1575 790 1627 in
836 1575 1096 1629 Societate
1140 1576 1450 1631 consistere.

208 1673 292 1726 44.
335 1673 478 1736 Quae
539 1691 660 1727 cum
716 1673 789 1727 ita
850 1674 972 1740 sint,
1032 1692 1297 1741 quaenam
1355 1694 1467 1730 esse
1524 1686 1725 1744 posset.

142 1773 309 1826 sancti
359 1772 528 1826 nostri
575 1773 813 1827 Parentis
853 1774 1114 1828 sententia
1158 1775 1224 1829 de
1267 1777 1563 1831 recentiore
1601 1778 1702 1831 hoc

140 1871 402 1925 libertatis
442 1873 523 1925 vel
567 1872 743 1939 potius
781 1872 1026 1927 licentiae
1071 1873 1282 1942 spirim,
1331 1875 1415 1928 eui
1460 1884 1701 1930 sanctum

141 1980 193 2026 et
235 1973 492 2026 sollemne
530 1980 607 2026 est
645 1989 751 2026 non
802 1973 1083 2040 proprium
1134 1973 1334 2028 iudicio
1378 1974 1698 2044 Superioris,

141 2071 233 2125 sed
255 2071 514 2126 iudicium
537 2071 837 2139 Superioris
858 2080 1060 2139 nostr0‚
1086 2073 1254 2127 immo
1282 2082 1334 2128 et
1359 2074 1701 2143 Superiorem

143 2169 320 2238 ipsum
359 2171 513 2225 nobis
563 2171 923 2225 submittere?
972 2171 1213 2234 Quonam
1259 2174 1475 2228 tandem
1520 2175 1701 2229 animo

144 2272 282 2326 ferre
311 2280 507 2340 posset,
533 2272 791 2340 quicquid
815 2272 1126 2340 Superiores
1155 2274 1391 2328 sentiunt
1417 2282 1468 2329 et
1494 2275 1697 2343 iubent,

142 2371 310 2425 libera
336 2389 559 2426 censura
580 2371 830 2439 distringi
845 2391 857 2438 ;
883 2372 925 2426 si
948 2372 1078 2439 quid
1108 2374 1243 2427 forte
1264 2392 1292 2427 a
1314 2382 1496 2428 nostra
1524 2383 1701 2430 mente

144 2471 442 2537 dissentiat,
512 2473 688 2538 palam
744 2471 1038 2540 vituperari
1099 2480 1151 2526 et
1205 2473 1333 2527 reici
1354 2475 1378 2527 *ἲ
1432 2474 1568 2538 Quid
1636 2476 1701 2530 de

143 2571 404 2626 Societate
470 2571 864 2639 praesentiret?
923 2572 1059 2634 Quid
1127 2572 1204 2626 illi
1265 2591 1372 2628 non
1444 2574 1659 2629 timeret
1678 2577 1702 2628 *ἶ

143 2672 360 2725 Avertat
413 2671 550 2725 Deus
606 2671 672 2724 ab
727 2672 1096 2726 amantissima
1152 2681 1323 2728 matre
1366 2682 1548 2728 nostra
1597 2676 1701 2729 exi-

144 2770 326 2824 tialem
372 2771 513 2824 hunc
558 2770 826 2838 spiritum,
858 2771 951 2839 qui
996 2773 1039 2826 si
1089 2791 1349 2841 umquam
1396 2774 1541 2828 illam
1586 2792 1701 2828 cor-

145 2869 361 2937 riperet,
420 2870 570 2923 brevi
627 2869 808 2923 omnia
869 2872 1255 2938 pessumdaret.
1321 2873 1419 2936 Qui
1476 2890 1570 2926 nos
1632 2874 1697 2927 ad

144 2968 291 3022 illam
353 2968 610 3023 divinitus
674 2969 899 3037 vocavit,
958 2978 1009 3024 et
1075 2971 1129 3024 in
1191 2972 1378 3026 eadem
1446 2990 1543 3040 pro
1605 2990 1698 3026 sua

143 3069 426 3123 clementia
486 3069 696 3135 retinet,
767 3069 1061 3137 dirigitque
1126 3072 1192 3125 ad
1260 3072 1475 3125 beatum
1532 3072 1696 3126 finem

144 3169 347 3236 gloriae
407 3187 567 3235 suae;
633 3168 738 3236 ille,
797 3176 941 3222 certo
1002 3187 1217 3238 sperare
1279 3172 1354 3224 fas
1410 3179 1506 3238 est,
1561 3173 1696 3225 hanc

254 3266 384 3311 'somn
406 3265 473 3311 IV.
1535 3268 1582 3311 21

1781 1693 1832 1736 Et
1852 1694 2032 1743 merito3

1748 1748 1849 1801 quia
1871 1762 1896 1790 a
1913 1748 2067 1801 spiritu

1802 1802 2015 1847 libertatis

1774 1858 2032 1910 gravissima

1848 1913 1961 1956 mala

1801 1967 2004 2012 Societati

1746 2022 1936 2066 timenda
1953 2029 2067 2067 sunt.
