<?xml version="1.0" encoding="UTF-8"?>
<!DOCTYPE html PUBLIC "-//W3C//DTD XHTML 1.0 Transitional//EN"
    "http://www.w3.org/TR/xhtml1/DTD/xhtml1-transitional.dtd">
<html xmlns="http://www.w3.org/1999/xhtml" xml:lang="en" lang="en">
 <head>
  <title>
</title>
<meta http-equiv="Content-Type" content="text/html;charset=utf-8" />
  <meta name='ocr-system' content='tesseract 3.04.00' />
  <meta name='ocr-capabilities' content='ocr_page ocr_carea ocr_par ocr_line ocrx_word'/>
</head>
<body>
  <div class='ocr_page' id='page_1' title='image "./epistolaepraepos04jesu_0220.png"; bbox 0 0 2315 3559; ppageno 0'>
   <div class='ocr_carea' id='block_1_1' title="bbox 549 230 1942 289">
    <p class='ocr_par' dir='ltr' id='par_1_1' title="bbox 549 230 1942 289">
     <span class='ocr_line' id='line_1_1' title="bbox 549 230 1942 289; baseline 0.003 -4"><span class='ocrx_word' id='word_1_1' title='bbox 549 230 649 286; x_wconf 72' lang='lat'>208</span> <span class='ocrx_word' id='word_1_2' title='bbox 721 247 970 286; x_wconf 75' lang='lat' dir='ltr'>EPISTOLA</span> <span class='ocrx_word' id='word_1_3' title='bbox 1020 248 1069 287; x_wconf 82' lang='lat' dir='ltr'>R.</span> <span class='ocrx_word' id='word_1_4' title='bbox 1113 249 1159 287; x_wconf 86' lang='lat' dir='ltr'>P.</span> <span class='ocrx_word' id='word_1_5' title='bbox 1202 249 1253 287; x_wconf 87' lang='lat' dir='ltr'>N.</span> <span class='ocrx_word' id='word_1_6' title='bbox 1295 247 1414 287; x_wconf 80' lang='lat' dir='ltr'>ANT.</span> <span class='ocrx_word' id='word_1_7' title='bbox 1459 249 1584 288; x_wconf 74' lang='lat' dir='ltr'>MAR.</span> <span class='ocrx_word' id='word_1_8' title='bbox 1633 250 1942 289; x_wconf 78' lang='lat' dir='ltr'><strong>ANDERLEDY</strong></span> 
     </span>
    </p>
   </div>
   <div class='ocr_carea' id='block_1_2' title="bbox 522 394 2115 3271">
    <p class='ocr_par' dir='ltr' id='par_1_2' title="bbox 535 394 2115 1649">
     <span class='ocr_line' id='line_1_2' title="bbox 616 394 2115 463; baseline 0.004 -17"><span class='ocrx_word' id='word_1_9' title='bbox 616 394 694 447; x_wconf 87' lang='lat' dir='ltr'>Ad</span> <span class='ocrx_word' id='word_1_10' title='bbox 746 394 967 449; x_wconf 91' lang='lat' dir='ltr'>tertium</span> <span class='ocrx_word' id='word_1_11' title='bbox 1018 395 1163 463; x_wconf 87' lang='lat' dir='ltr'>quod</span> <span class='ocrx_word' id='word_1_12' title='bbox 1211 402 1433 462; x_wconf 91' lang='lat' dir='ltr'>spectat,</span> <span class='ocrx_word' id='word_1_13' title='bbox 1482 397 1725 463; x_wconf 87' lang='lat' dir='ltr'>regulam</span> <span class='ocrx_word' id='word_1_14' title='bbox 1771 397 1908 450; x_wconf 93' lang='lat' dir='ltr'>hanc</span> <span class='ocrx_word' id='word_1_15' title='bbox 1953 398 2115 452; x_wconf 90' lang='lat' dir='ltr'>aetati</span> 
     </span>
     <span class='ocr_line' id='line_1_3' title="bbox 547 495 2115 563; baseline 0.003 -17"><span class='ocrx_word' id='word_1_16' title='bbox 547 500 762 548; x_wconf 88' lang='lat' dir='ltr'>nostrae</span> <span class='ocrx_word' id='word_1_17' title='bbox 807 512 914 548; x_wconf 93' lang='lat' dir='ltr'>non</span> <span class='ocrx_word' id='word_1_18' title='bbox 965 511 1080 548; x_wconf 90' lang='lat' dir='ltr'>esse</span> <span class='ocrx_word' id='word_1_19' title='bbox 1140 502 1576 563; x_wconf 77' lang='lat' dir='ltr'>consentaneam,</span> <span class='ocrx_word' id='word_1_20' title='bbox 1631 495 1885 563; x_wconf 76' lang='lat' dir='ltr'>equidem</span> <span class='ocrx_word' id='word_1_21' title='bbox 1943 497 2115 551; x_wconf 88' lang='lat' dir='ltr'>sentio</span> 
     </span>
     <span class='ocr_line' id='line_1_4' title="bbox 546 593 2115 663; baseline 0.003 -17"><span class='ocrx_word' id='word_1_22' title='bbox 546 601 791 647; x_wconf 90' lang='lat' dir='ltr'>nostrum</span> <span class='ocrx_word' id='word_1_23' title='bbox 866 612 980 649; x_wconf 92' lang='lat' dir='ltr'>esse</span> <span class='ocrx_word' id='word_1_24' title='bbox 1053 594 1126 647; x_wconf 91' lang='lat' dir='ltr'>ita</span> <span class='ocrx_word' id='word_1_25' title='bbox 1189 593 1353 648; x_wconf 85' lang='lat' dir='ltr'>coniti</span> <span class='ocrx_word' id='word_1_26' title='bbox 1416 602 1467 649; x_wconf 95' lang='lat' dir='ltr'>et</span> <span class='ocrx_word' id='word_1_27' title='bbox 1530 595 1874 663; x_wconf 77' lang='lat' dir='ltr'>contendere,</span> <span class='ocrx_word' id='word_1_28' title='bbox 1933 604 1992 650; x_wconf 86' lang='lat' dir='ltr'>ut</span> <span class='ocrx_word' id='word_1_29' title='bbox 2047 597 2115 650; x_wconf 91' lang='lat' dir='ltr'>sit</span> 
     </span>
     <span class='ocr_line' id='line_1_5' title="bbox 544 694 2115 762; baseline 0.003 -16"><span class='ocrx_word' id='word_1_30' title='bbox 544 702 919 748; x_wconf 86' lang='lat' dir='ltr'>consentanea.</span> <span class='ocrx_word' id='word_1_31' title='bbox 986 694 1171 762; x_wconf 86' lang='lat' dir='ltr'>Neque</span> <span class='ocrx_word' id='word_1_32' title='bbox 1233 694 1378 749; x_wconf 91' lang='lat' dir='ltr'>enim</span> <span class='ocrx_word' id='word_1_33' title='bbox 1429 695 1563 749; x_wconf 92' lang='lat' dir='ltr'>adeo</span> <span class='ocrx_word' id='word_1_34' title='bbox 1626 695 1972 750; x_wconf 86' lang='lat' dir='ltr'>serviendum</span> <span class='ocrx_word' id='word_1_35' title='bbox 2035 705 2115 751; x_wconf 92' lang='lat' dir='ltr'>est</span> 
     </span>
     <span class='ocr_line' id='line_1_6' title="bbox 544 793 2112 864; baseline 0.002 -17"><span class='ocrx_word' id='word_1_36' title='bbox 544 794 795 862; x_wconf 88' lang='lat' dir='ltr'>tempori,</span> <span class='ocrx_word' id='word_1_37' title='bbox 838 802 897 847; x_wconf 89' lang='lat' dir='ltr'>ut</span> <span class='ocrx_word' id='word_1_38' title='bbox 936 793 1219 862; x_wconf 75' lang='lat' dir='ltr'>disciplina</span> <span class='ocrx_word' id='word_1_39' title='bbox 1264 795 1516 861; x_wconf 87' lang='lat' dir='ltr'>religiosa</span> <span class='ocrx_word' id='word_1_40' title='bbox 1562 796 1805 864; x_wconf 83' lang='lat' dir='ltr'>fidesque</span> <span class='ocrx_word' id='word_1_41' title='bbox 1843 795 1950 850; x_wconf 91' lang='lat' dir='ltr'>Deo</span> <span class='ocrx_word' id='word_1_42' title='bbox 1990 796 2112 850; x_wconf 89' lang='lat' dir='ltr'>data</span> 
     </span>
     <span class='ocr_line' id='line_1_7' title="bbox 543 894 2110 964; baseline 0.002 -17"><span class='ocrx_word' id='word_1_43' title='bbox 543 895 908 948; x_wconf 76' lang='lat' dir='ltr'>labefactetur.</span> <span class='ocrx_word' id='word_1_44' title='bbox 952 894 1053 949; x_wconf 86' lang='lat' dir='ltr'>Sed</span> <span class='ocrx_word' id='word_1_45' title='bbox 1091 912 1267 963; x_wconf 83' lang='lat' dir='ltr'>neque</span> <span class='ocrx_word' id='word_1_46' title='bbox 1305 904 1384 949; x_wconf 94' lang='lat' dir='ltr'>est</span> <span class='ocrx_word' id='word_1_47' title='bbox 1429 913 1636 964; x_wconf 85' lang='lat' dir='ltr'>verum,</span> <span class='ocrx_word' id='word_1_48' title='bbox 1675 897 1822 950; x_wconf 87' lang='lat' dir='ltr'>illam</span> <span class='ocrx_word' id='word_1_49' title='bbox 1867 898 2110 963; x_wconf 89' lang='lat' dir='ltr'>regulam</span> 
     </span>
     <span class='ocr_line' id='line_1_8' title="bbox 541 995 2109 1052; baseline 0.002 -4"><span class='ocrx_word' id='word_1_50' title='bbox 541 1012 649 1048; x_wconf 89' lang='lat' dir='ltr'>non</span> <span class='ocrx_word' id='word_1_51' title='bbox 698 995 987 1049; x_wconf 87' lang='lat' dir='ltr'>convenire</span> <span class='ocrx_word' id='word_1_52' title='bbox 1043 1004 1258 1050; x_wconf 90' lang='lat' dir='ltr'>nostrae</span> <span class='ocrx_word' id='word_1_53' title='bbox 1320 997 1499 1051; x_wconf 88' lang='lat' dir='ltr'>aetati.</span> <span class='ocrx_word' id='word_1_54' title='bbox 1565 996 1914 1051; x_wconf 81' lang='lat' dir='ltr'>Gravioribus</span> <span class='ocrx_word' id='word_1_55' title='bbox 1965 997 2109 1052; x_wconf 90' lang='lat' dir='ltr'>enim</span> 
     </span>
     <span class='ocr_line' id='line_1_9' title="bbox 540 1096 2108 1165; baseline 0.002 -18"><span class='ocrx_word' id='word_1_56' title='bbox 540 1112 699 1163; x_wconf 90' lang='lat' dir='ltr'>nunc,</span> <span class='ocrx_word' id='word_1_57' title='bbox 731 1112 896 1162; x_wconf 85' lang='lat' dir='ltr'>quam</span> <span class='ocrx_word' id='word_1_58' title='bbox 935 1103 1052 1149; x_wconf 91' lang='lat' dir='ltr'>acta</span> <span class='ocrx_word' id='word_1_59' title='bbox 1091 1104 1282 1164; x_wconf 86' lang='lat' dir='ltr'>aetate,</span> <span class='ocrx_word' id='word_1_60' title='bbox 1325 1096 1597 1163; x_wconf 77' lang='lat' dir='ltr'>cingimur</span> <span class='ocrx_word' id='word_1_61' title='bbox 1631 1097 1903 1165; x_wconf 77' lang='lat' dir='ltr'>periculiS,</span> <span class='ocrx_word' id='word_1_62' title='bbox 1934 1097 2108 1163; x_wconf 91' lang='lat' dir='ltr'>magis</span> 
     </span>
     <span class='ocr_line' id='line_1_10' title="bbox 539 1195 2108 1265; baseline 0.003 -18"><span class='ocrx_word' id='word_1_63' title='bbox 539 1212 679 1248; x_wconf 86' lang='lat' dir='ltr'>nunc</span> <span class='ocrx_word' id='word_1_64' title='bbox 758 1195 889 1250; x_wconf 86' lang='lat' dir='ltr'>furit</span> <span class='ocrx_word' id='word_1_65' title='bbox 973 1196 1298 1251; x_wconf 88' lang='lat' dir='ltr'>criminandi</span> <span class='ocrx_word' id='word_1_66' title='bbox 1382 1196 1570 1264; x_wconf 86' lang='lat' dir='ltr'>libidO,</span> <span class='ocrx_word' id='word_1_67' title='bbox 1658 1205 1820 1265; x_wconf 81' lang='lat' dir='ltr'>atque</span> <span class='ocrx_word' id='word_1_68' title='bbox 1887 1197 2108 1265; x_wconf 92' lang='lat' dir='ltr'>impune</span> 
     </span>
     <span class='ocr_line' id='line_1_11' title="bbox 537 1295 2102 1365; baseline 0.001 -17"><span class='ocrx_word' id='word_1_69' title='bbox 537 1295 780 1350; x_wconf 80' lang='lat' dir='ltr'>convicia</span> <span class='ocrx_word' id='word_1_70' title='bbox 842 1304 894 1350; x_wconf 86' lang='lat' dir='ltr'>et</span> <span class='ocrx_word' id='word_1_71' title='bbox 954 1297 1274 1364; x_wconf 89' lang='lat' dir='ltr'>calumniae,</span> <span class='ocrx_word' id='word_1_72' title='bbox 1329 1314 1436 1365; x_wconf 86' lang='lat' dir='ltr'>qua</span> <span class='ocrx_word' id='word_1_73' title='bbox 1506 1314 1633 1351; x_wconf 83' lang='lat' dir='ltr'>voce</span> <span class='ocrx_word' id='word_1_74' title='bbox 1701 1314 1807 1365; x_wconf 86' lang='lat' dir='ltr'>qua</span> <span class='ocrx_word' id='word_1_75' title='bbox 1870 1297 2102 1365; x_wconf 88' lang='lat' dir='ltr'>scriptis,</span> 
     </span>
     <span class='ocr_line' id='line_1_12' title="bbox 538 1394 2101 1465; baseline 0.001 -17"><span class='ocrx_word' id='word_1_76' title='bbox 538 1394 808 1449; x_wconf 84' lang='lat' dir='ltr'>iaciuntur</span> <span class='ocrx_word' id='word_1_77' title='bbox 842 1396 896 1449; x_wconf 91' lang='lat' dir='ltr'>in</span> <span class='ocrx_word' id='word_1_78' title='bbox 930 1396 1180 1451; x_wconf 89' lang='lat' dir='ltr'>homines</span> <span class='ocrx_word' id='word_1_79' title='bbox 1214 1396 1514 1463; x_wconf 90' lang='lat' dir='ltr'>religiosos.</span> <span class='ocrx_word' id='word_1_80' title='bbox 1548 1396 1903 1451; x_wconf 90' lang='lat' dir='ltr'>Firmioribus</span> <span class='ocrx_word' id='word_1_81' title='bbox 1942 1415 2101 1465; x_wconf 82' lang='lat' dir='ltr'>nune,</span> 
     </span>
     <span class='ocr_line' id='line_1_13' title="bbox 537 1495 2103 1565; baseline 0.001 -17"><span class='ocrx_word' id='word_1_82' title='bbox 537 1511 702 1562; x_wconf 88' lang='lat' dir='ltr'>quam</span> <span class='ocrx_word' id='word_1_83' title='bbox 748 1496 897 1564; x_wconf 90' lang='lat' dir='ltr'>olim,</span> <span class='ocrx_word' id='word_1_84' title='bbox 958 1496 1161 1550; x_wconf 87' lang='lat' dir='ltr'>muniri</span> <span class='ocrx_word' id='word_1_85' title='bbox 1217 1496 1501 1565; x_wconf 76' lang='lat' dir='ltr'>praesidiis</span> <span class='ocrx_word' id='word_1_86' title='bbox 1563 1495 1842 1551; x_wconf 92' lang='lat' dir='ltr'>Societatis</span> <span class='ocrx_word' id='word_1_87' title='bbox 1904 1496 2103 1550; x_wconf 87' lang='lat' dir='ltr'>samam</span> 
     </span>
     <span class='ocr_line' id='line_1_14' title="bbox 535 1593 956 1649; baseline 0.005 -2"><span class='ocrx_word' id='word_1_88' title='bbox 535 1610 752 1649; x_wconf 90' lang='lat' dir='ltr'>necesse</span> <span class='ocrx_word' id='word_1_89' title='bbox 797 1603 893 1649; x_wconf 90' lang='lat' dir='ltr'>est.</span> <span class='ocrx_word' id='word_1_90' title='bbox 954 1593 956 1595; x_wconf 73' lang='grc'><strong>’</strong></span> 
     </span>
    </p>

    <p class='ocr_par' dir='ltr' id='par_1_3' title="bbox 522 1694 2102 3169">
     <span class='ocr_line' id='line_1_15' title="bbox 604 1694 2102 1763; baseline -0.001 -14"><span class='ocrx_word' id='word_1_91' title='bbox 604 1694 704 1749; x_wconf 85' lang='lat' dir='ltr'>Sed</span> <span class='ocrx_word' id='word_1_92' title='bbox 756 1695 898 1749; x_wconf 90' lang='lat' dir='ltr'>dicet</span> <span class='ocrx_word' id='word_1_93' title='bbox 947 1695 1162 1763; x_wconf 88' lang='lat' dir='ltr'>aliquis,</span> <span class='ocrx_word' id='word_1_94' title='bbox 1217 1713 1332 1749; x_wconf 91' lang='lat' dir='ltr'>rem</span> <span class='ocrx_word' id='word_1_95' title='bbox 1378 1695 1442 1749; x_wconf 89' lang='lat' dir='ltr'>iis</span> <span class='ocrx_word' id='word_1_96' title='bbox 1495 1712 1609 1750; x_wconf 89' lang='lat' dir='ltr'>esse</span> <span class='ocrx_word' id='word_1_97' title='bbox 1659 1695 1953 1763; x_wconf 86' lang='lat' dir='ltr'>difficilem,</span> <span class='ocrx_word' id='word_1_98' title='bbox 2008 1694 2102 1763; x_wconf 88' lang='lat' dir='ltr'>qui</span> 
     </span>
     <span class='ocr_line' id='line_1_16' title="bbox 533 1792 2097 1863; baseline 0 -16"><span class='ocrx_word' id='word_1_99' title='bbox 533 1792 848 1861; x_wconf 84' lang='lat' dir='ltr'>Superiores</span> <span class='ocrx_word' id='word_1_100' title='bbox 901 1812 1007 1848; x_wconf 91' lang='lat' dir='ltr'>non</span> <span class='ocrx_word' id='word_1_101' title='bbox 1063 1802 1204 1848; x_wconf 88' lang='lat' dir='ltr'>sunt.</span> <span class='ocrx_word' id='word_1_102' title='bbox 1261 1794 1369 1848; x_wconf 85' lang='lat' dir='ltr'>Usu</span> <span class='ocrx_word' id='word_1_103' title='bbox 1421 1802 1473 1849; x_wconf 91' lang='lat' dir='ltr'>et</span> <span class='ocrx_word' id='word_1_104' title='bbox 1517 1794 1844 1863; x_wconf 84' lang='lat' dir='ltr'>experientia</span> <span class='ocrx_word' id='word_1_105' title='bbox 1890 1795 2097 1862; x_wconf 87' lang='lat' dir='ltr'>doctus,</span> 
     </span>
     <span class='ocr_line' id='line_1_17' title="bbox 532 1894 2099 1964; baseline 0.001 -16"><span class='ocrx_word' id='word_1_106' title='bbox 532 1912 640 1948; x_wconf 92' lang='lat' dir='ltr'>non</span> <span class='ocrx_word' id='word_1_107' title='bbox 701 1895 935 1949; x_wconf 84' lang='lat' dir='ltr'>diffiteor</span> <span class='ocrx_word' id='word_1_108' title='bbox 1006 1895 1214 1949; x_wconf 84' lang='lat' dir='ltr'>facilius</span> <span class='ocrx_word' id='word_1_109' title='bbox 1277 1894 1641 1964; x_wconf 77' lang='lat' dir='ltr'>Superiorem,</span> <span class='ocrx_word' id='word_1_110' title='bbox 1705 1913 1871 1964; x_wconf 86' lang='lat' dir='ltr'>quam</span> <span class='ocrx_word' id='word_1_111' title='bbox 1932 1896 2099 1949; x_wconf 89' lang='lat' dir='ltr'>alium</span> 
     </span>
     <span class='ocr_line' id='line_1_18' title="bbox 532 1996 2099 2064; baseline 0.001 -16"><span class='ocrx_word' id='word_1_112' title='bbox 532 2012 952 2064; x_wconf 87' lang='lat' dir='ltr'>quemcumque,</span> <span class='ocrx_word' id='word_1_113' title='bbox 1000 1997 1066 2050; x_wconf 91' lang='lat' dir='ltr'>ad</span> <span class='ocrx_word' id='word_1_114' title='bbox 1117 2004 1310 2049; x_wconf 92' lang='lat' dir='ltr'>nutum</span> <span class='ocrx_word' id='word_1_115' title='bbox 1359 1996 1558 2050; x_wconf 90' lang='lat' dir='ltr'>habere</span> <span class='ocrx_word' id='word_1_116' title='bbox 1613 2013 1736 2049; x_wconf 90' lang='lat' dir='ltr'>cum</span> <span class='ocrx_word' id='word_1_117' title='bbox 1793 2013 1901 2064; x_wconf 86' lang='lat' dir='ltr'>quo</span> <span class='ocrx_word' id='word_1_118' title='bbox 1952 2004 2099 2050; x_wconf 83' lang='lat' dir='ltr'>exeat</span> 
     </span>
     <span class='ocr_line' id='line_1_19' title="bbox 530 2095 2100 2164; baseline 0.001 -15"><span class='ocrx_word' id='word_1_119' title='bbox 530 2095 712 2150; x_wconf 83' lang='lat' dir='ltr'>domo,</span> <span class='ocrx_word' id='word_1_120' title='bbox 760 2096 958 2151; x_wconf 86' lang='lat' dir='ltr'>Tamen</span> <span class='ocrx_word' id='word_1_121' title='bbox 1004 2096 1167 2151; x_wconf 89' lang='lat' dir='ltr'>etiam</span> <span class='ocrx_word' id='word_1_122' title='bbox 1217 2096 1300 2160; x_wconf 79' lang='lat' dir='ltr'>iis,</span> <span class='ocrx_word' id='word_1_123' title='bbox 1351 2114 1486 2164; x_wconf 84' lang='lat' dir='ltr'>quos</span> <span class='ocrx_word' id='word_1_124' title='bbox 1531 2097 1732 2151; x_wconf 90' lang='lat' dir='ltr'>habent</span> <span class='ocrx_word' id='word_1_125' title='bbox 1775 2096 1879 2151; x_wconf 92' lang='lat' dir='ltr'>sibi</span> <span class='ocrx_word' id='word_1_126' title='bbox 1923 2097 2100 2151; x_wconf 87' lang='lat' dir='ltr'>subie-</span> 
     </span>
     <span class='ocr_line' id='line_1_20' title="bbox 529 2195 2097 2264; baseline 0.001 -15"><span class='ocrx_word' id='word_1_127' title='bbox 529 2203 660 2263; x_wconf 81' lang='lat' dir='ltr'>ctOS,</span> <span class='ocrx_word' id='word_1_128' title='bbox 716 2203 937 2264; x_wconf 90' lang='lat' dir='ltr'>paterne</span> <span class='ocrx_word' id='word_1_129' title='bbox 999 2195 1286 2264; x_wconf 88' lang='lat' dir='ltr'>provident</span> <span class='ocrx_word' id='word_1_130' title='bbox 1342 2197 1729 2263; x_wconf 76' lang='lat' dir='ltr'>moderatoreS‚</span> <span class='ocrx_word' id='word_1_131' title='bbox 1794 2204 1853 2250; x_wconf 87' lang='lat' dir='ltr'>ut</span> <span class='ocrx_word' id='word_1_132' title='bbox 1913 2197 2097 2263; x_wconf 80' lang='lat' dir='ltr'>egredi</span> 
     </span>
     <span class='ocr_line' id='line_1_21' title="bbox 530 2297 2096 2365; baseline 0.001 -15"><span class='ocrx_word' id='word_1_133' title='bbox 530 2298 671 2351; x_wconf 83' lang='lat' dir='ltr'>foras</span> <span class='ocrx_word' id='word_1_134' title='bbox 710 2297 825 2352; x_wconf 88' lang='lat' dir='ltr'>sine</span> <span class='ocrx_word' id='word_1_135' title='bbox 863 2297 1061 2353; x_wconf 89' lang='lat' dir='ltr'>comite</span> <span class='ocrx_word' id='word_1_136' title='bbox 1110 2315 1218 2351; x_wconf 89' lang='lat' dir='ltr'>non</span> <span class='ocrx_word' id='word_1_137' title='bbox 1269 2304 1548 2365; x_wconf 79' lang='lat' dir='ltr'>cogantur.</span> <span class='ocrx_word' id='word_1_138' title='bbox 1603 2297 1828 2351; x_wconf 88' lang='lat' dir='ltr'>Gravior</span> <span class='ocrx_word' id='word_1_139' title='bbox 1872 2298 2096 2352; x_wconf 84' lang='lat' dir='ltr'>fortasse</span> 
     </span>
     <span class='ocr_line' id='line_1_22' title="bbox 529 2398 2096 2453; baseline -0.001 -1"><span class='ocrx_word' id='word_1_140' title='bbox 529 2405 608 2452; x_wconf 90' lang='lat' dir='ltr'>est</span> <span class='ocrx_word' id='word_1_141' title='bbox 657 2416 718 2453; x_wconf 87' lang='lat' dir='ltr'>ex</span> <span class='ocrx_word' id='word_1_142' title='bbox 761 2398 1024 2453; x_wconf 85' lang='lat' dir='ltr'>libertatis</span> <span class='ocrx_word' id='word_1_143' title='bbox 1073 2415 1258 2453; x_wconf 91' lang='lat' dir='ltr'>amore</span> <span class='ocrx_word' id='word_1_144' title='bbox 1309 2398 1594 2453; x_wconf 84' lang='lat' dir='ltr'>difficultas</span> <span class='ocrx_word' id='word_1_145' title='bbox 1641 2406 1692 2453; x_wconf 89' lang='lat' dir='ltr'>et</span> <span class='ocrx_word' id='word_1_146' title='bbox 1736 2415 1796 2453; x_wconf 87' lang='lat' dir='ltr'>ex</span> <span class='ocrx_word' id='word_1_147' title='bbox 1842 2415 2096 2452; x_wconf 87' lang='lat' dir='ltr'>verecun-</span> 
     </span>
     <span class='ocr_line' id='line_1_23' title="bbox 527 2499 2093 2568; baseline -0.001 -15"><span class='ocrx_word' id='word_1_148' title='bbox 527 2499 616 2553; x_wconf 87' lang='lat' dir='ltr'>dia</span> <span class='ocrx_word' id='word_1_149' title='bbox 660 2501 916 2568; x_wconf 83' lang='lat' dir='ltr'>quadam,</span> <span class='ocrx_word' id='word_1_150' title='bbox 970 2501 1052 2554; x_wconf 90' lang='lat' dir='ltr'>vel</span> <span class='ocrx_word' id='word_1_151' title='bbox 1101 2499 1297 2554; x_wconf 91' lang='lat' dir='ltr'>timore</span> <span class='ocrx_word' id='word_1_152' title='bbox 1347 2501 1586 2555; x_wconf 89' lang='lat' dir='ltr'>humano</span> <span class='ocrx_word' id='word_1_153' title='bbox 1631 2516 1948 2568; x_wconf 90' lang='lat' dir='ltr'>paucorum,</span> <span class='ocrx_word' id='word_1_154' title='bbox 1999 2499 2093 2568; x_wconf 86' lang='lat' dir='ltr'>qui</span> 
     </span>
     <span class='ocr_line' id='line_1_24' title="bbox 526 2600 2086 2669; baseline 0 -15"><span class='ocrx_word' id='word_1_155' title='bbox 526 2600 757 2654; x_wconf 86' lang='lat' dir='ltr'>dedecus</span> <span class='ocrx_word' id='word_1_156' title='bbox 814 2608 1006 2669; x_wconf 87' lang='lat' dir='ltr'>putant</span> <span class='ocrx_word' id='word_1_157' title='bbox 1056 2601 1209 2655; x_wconf 84' lang='lat' dir='ltr'>fateri</span> <span class='ocrx_word' id='word_1_158' title='bbox 1265 2618 1320 2655; x_wconf 89' lang='lat' dir='ltr'>se</span> <span class='ocrx_word' id='word_1_159' title='bbox 1370 2602 1586 2667; x_wconf 90' lang='lat' dir='ltr'>regulae</span> <span class='ocrx_word' id='word_1_160' title='bbox 1636 2618 1750 2655; x_wconf 89' lang='lat' dir='ltr'>esse</span> <span class='ocrx_word' id='word_1_161' title='bbox 1801 2600 2086 2655; x_wconf 67' lang='lat' dir='ltr'>subiectos</span> 
     </span>
     <span class='ocr_line' id='line_1_25' title="bbox 527 2700 2091 2769; baseline 0.001 -16"><span class='ocrx_word' id='word_1_162' title='bbox 527 2700 700 2754; x_wconf 87' lang='lat' dir='ltr'>Pietas</span> <span class='ocrx_word' id='word_1_163' title='bbox 749 2719 872 2756; x_wconf 88' lang='lat' dir='ltr'>vero</span> <span class='ocrx_word' id='word_1_164' title='bbox 911 2702 966 2756; x_wconf 93' lang='lat' dir='ltr'>in</span> <span class='ocrx_word' id='word_1_165' title='bbox 1000 2702 1188 2769; x_wconf 89' lang='lat' dir='ltr'>Deum,</span> <span class='ocrx_word' id='word_1_166' title='bbox 1226 2701 1395 2769; x_wconf 91' lang='lat' dir='ltr'>pietas</span> <span class='ocrx_word' id='word_1_167' title='bbox 1432 2701 1487 2755; x_wconf 91' lang='lat' dir='ltr'>in</span> <span class='ocrx_word' id='word_1_168' title='bbox 1522 2700 1859 2768; x_wconf 84' lang='lat' dir='ltr'>Societatem,</span> <span class='ocrx_word' id='word_1_169' title='bbox 1901 2718 2091 2768; x_wconf 89' lang='lat' dir='ltr'>paren-</span> 
     </span>
     <span class='ocr_line' id='line_1_26' title="bbox 525 2799 2089 2868; baseline 0.001 -16"><span class='ocrx_word' id='word_1_170' title='bbox 525 2806 634 2853; x_wconf 90' lang='lat' dir='ltr'>tem</span> <span class='ocrx_word' id='word_1_171' title='bbox 678 2808 919 2854; x_wconf 88' lang='lat' dir='ltr'>nostram</span> <span class='ocrx_word' id='word_1_172' title='bbox 965 2799 1413 2868; x_wconf 86' lang='lat' dir='ltr'>amantissimam,</span> <span class='ocrx_word' id='word_1_173' title='bbox 1462 2801 1603 2854; x_wconf 85' lang='lat' dir='ltr'>hunc</span> <span class='ocrx_word' id='word_1_174' title='bbox 1659 2807 1876 2868; x_wconf 88' lang='lat' dir='ltr'>superat</span> <span class='ocrx_word' id='word_1_175' title='bbox 1930 2799 2089 2854; x_wconf 91' lang='lat' dir='ltr'>timo-</span> 
     </span>
     <span class='ocr_line' id='line_1_27' title="bbox 524 2898 2085 2967; baseline 0 -15"><span class='ocrx_word' id='word_1_176' title='bbox 524 2915 658 2952; x_wconf 92' lang='lat' dir='ltr'>rem.</span> <span class='ocrx_word' id='word_1_177' title='bbox 732 2899 796 2952; x_wconf 87' lang='lat' dir='ltr'>Et</span> <span class='ocrx_word' id='word_1_178' title='bbox 867 2917 928 2954; x_wconf 81' lang='lat' dir='ltr'>ex</span> <span class='ocrx_word' id='word_1_179' title='bbox 1000 2899 1064 2953; x_wconf 88' lang='lat' dir='ltr'>iis</span> <span class='ocrx_word' id='word_1_180' title='bbox 1138 2917 1276 2967; x_wconf 87' lang='lat' dir='ltr'>quae</span> <span class='ocrx_word' id='word_1_181' title='bbox 1355 2901 1569 2954; x_wconf 87' lang='lat' dir='ltr'>obstant</span> <span class='ocrx_word' id='word_1_182' title='bbox 1645 2899 1770 2967; x_wconf 87' lang='lat' dir='ltr'>legi,</span> <span class='ocrx_word' id='word_1_183' title='bbox 1847 2898 2085 2953; x_wconf 89' lang='lat' dir='ltr'>securius</span> 
     </span>
     <span class='ocr_line' id='line_1_28' title="bbox 523 3000 2086 3067; baseline 0.001 -14"><span class='ocrx_word' id='word_1_184' title='bbox 523 3008 788 3054; x_wconf 83' lang='lat' dir='ltr'>accrescet</span> <span class='ocrx_word' id='word_1_185' title='bbox 852 3002 1097 3067; x_wconf 83' lang='lat' dir='ltr'>regulam</span> <span class='ocrx_word' id='word_1_186' title='bbox 1149 3001 1486 3055; x_wconf 83' lang='lat' dir='ltr'>servantibus</span> <span class='ocrx_word' id='word_1_187' title='bbox 1542 3001 1817 3067; x_wconf 89' lang='lat' dir='ltr'>meritum,</span> <span class='ocrx_word' id='word_1_188' title='bbox 1866 3000 2086 3054; x_wconf 88' lang='lat' dir='ltr'>certior-</span> 
     </span>
     <span class='ocr_line' id='line_1_29' title="bbox 522 3099 1723 3169; baseline 0.003 -18"><span class='ocrx_word' id='word_1_189' title='bbox 522 3116 628 3166; x_wconf 85' lang='lat' dir='ltr'>que</span> <span class='ocrx_word' id='word_1_190' title='bbox 677 3099 924 3154; x_wconf 90' lang='lat' dir='ltr'>laborum</span> <span class='ocrx_word' id='word_1_191' title='bbox 968 3108 1369 3169; x_wconf 86' lang='lat' dir='ltr'>conatuumque</span> <span class='ocrx_word' id='word_1_192' title='bbox 1408 3101 1723 3156; x_wconf 81' lang='lat' dir='ltr'>fecunditas,</span> 
     </span>
    </p>

    <p class='ocr_par' dir='ltr' id='par_1_4' title="bbox 591 3198 2083 3271">
     <span class='ocr_line' id='line_1_30' title="bbox 591 3198 2083 3271; baseline 0.001 -18"><span class='ocrx_word' id='word_1_193' title='bbox 591 3198 726 3253; x_wconf 89' lang='lat' dir='ltr'>Sunt</span> <span class='ocrx_word' id='word_1_194' title='bbox 776 3200 871 3268; x_wconf 89' lang='lat' dir='ltr'>qui</span> <span class='ocrx_word' id='word_1_195' title='bbox 921 3203 991 3255; x_wconf 79' lang='lat' dir='ltr'>ad</span> <span class='ocrx_word' id='word_1_196' title='bbox 1039 3208 1290 3269; x_wconf 75' lang='lat' dir='ltr'>mentem,</span> <span class='ocrx_word' id='word_1_197' title='bbox 1344 3210 1404 3257; x_wconf 87' lang='lat' dir='ltr'>ut</span> <span class='ocrx_word' id='word_1_198' title='bbox 1457 3202 1625 3271; x_wconf 89' lang='lat' dir='ltr'>aiunt,</span> <span class='ocrx_word' id='word_1_199' title='bbox 1679 3201 1882 3256; x_wconf 89' lang='lat' dir='ltr'>servari</span> <span class='ocrx_word' id='word_1_200' title='bbox 1926 3218 2083 3267; x_wconf 86' lang='lat' dir='ltr'>regu-</span> 
     </span>
    </p>
   </div>
  </div>
 </body>
</html>
