2315 3559
842 227 939 264 ΓΒΑ
964 241 1031 247 -—-
1058 227 1156 265 rao
1670 213 1763 266 471

219 380 383 426 quanto
401 373 538 416 maior
559 379 625 417 est
644 373 932 416 humanarum
954 371 1103 425 inopia
1122 372 1173 424 (Ι,
1197 371 1262 415 51.
1288 371 1348 415 Cf.
1374 371 1445 424 lll,
1470 372 1559 423 115,
1582 372 1689 424 116),
1716 372 1766 424 si,

218 465 263 502 ut
285 459 325 502 S.
358 459 550 512 Ignatius
581 458 624 501 in
655 457 858 501 omnibus
889 457 1051 501 nostris
1078 456 1357 501 desiderabat
1377 456 1428 509 (Ι,
1451 456 1565 509 256),
1590 457 1632 500 in
1651 458 1767 500 omni

216 542 312 586 loco
335 549 378 586 et
407 543 583 596 negotio
604 556 686 596 per
706 541 997 595 aspirationes
1019 541 1321 595 frequentatas
1347 547 1495 585 mente
1526 541 1769 585 retineatur

217 628 266 681 (1,
303 628 397 671 257.
435 628 495 671 Cf.
536 627 566 680 Ι,
603 626 670 681 53,
702 626 814 679 307).
854 625 972 678 Quae
1012 627 1186 680 pietatis
1220 626 1478 680 plenissima
1513 626 1766 670 exercitatio

216 713 441 756 Societatis
463 712 677 766 operariis
707 711 940 755 admodum
964 712 1215 755 necessaria
1235 712 1285 765 (l,
1309 711 1422 763 208),
1456 711 1611 764 regula
1641 710 1767 754 nobis

216 798 549 841 commendatur
573 797 624 851 (Ι,
647 796 741 849 363,
765 797 860 851 438,
883 796 995 851 439),
1029 803 1073 840 et
1092 797 1355 851 plerumque
1375 796 1544 840 fructus
1567 802 1634 841 est
1653 796 1768 840 bene

215 883 368 927 orandi
386 882 716 926 consuetudinis
737 882 788 936 (Ι,
811 882 908 936 258)
930 888 973 926 et
988 882 1133 926 cordis
1151 882 1497 927 mortificationis
1518 882 1569 937 (1,
1589 882 1656 936 70,
1680 882 1764 935 71).

269 1015 564 1060 PRAESIDES
585 1014 657 1069 (ΙΙ,
681 1014 774 1069 153,
799 1015 893 1069 199,
915 1014 1013 1069 208)
1038 1029 1047 1058 :
1072 1015 1160 1058 vicl.
1186 1014 1465 1070 Superiores.

265 1142 531 1187 PRECATIO
551 1143 602 1195 (Ι,
625 1141 719 1186 363.
745 1142 814 1187 ΙΙΙ,
844 1141 936 1191 183)
954 1148 997 1185 et
1017 1141 1217 1186 PRECES
1234 1141 1305 1195 (ΙΙ,
1323 1140 1423 1196 257)
1443 1155 1452 1184 :
1471 1140 1563 1185 vid.
1589 1141 1759 1186 Oratio.

265 1269 548 1314 PRINCIPES
568 1269 656 1323 pati
680 1282 767 1312 non
790 1268 1001 1312 debemus
1030 1275 1078 1312 ut
1107 1268 1366 1312 auctoritate
1396 1281 1478 1312 nos
1515 1268 1768 1322 opprimant

210 1355 263 1398 ad
277 1354 558 1408 suscipienda
575 1354 750 1408 negotia
767 1354 1006 1398 saecularia
1024 1354 1075 1407 (I,
1095 1353 1165 1407 98)
1183 1368 1191 1397 ;
1208 1353 1300 1397 vid.
1318 1354 1522 1409 Externi,
1535 1353 1764 1398 Externus

211 1441 359 1485 homo.

265 1566 537 1611 PROBATIO
561 1566 608 1619 (Ι,
627 1565 698 1620 59)
723 1580 731 1607 :
755 1565 846 1610 vid.
870 1566 1062 1611 Novicii.

264 1693 532 1738 PROBITAS
554 1699 597 1737 et
618 1693 755 1737 virtus
776 1692 847 1746 (ΙΙ,
865 1692 962 1746 406)
987 1707 996 1736 :
1021 1692 1112 1736 vid.
1137 1692 1375 1737 Interiora.

263 1818 692 1864 PROCURATORES
712 1833 862 1863 rerum
879 1819 1185 1874 temporalium
1208 1819 1492 1873 assignentur
1508 1819 1628 1873 boni,
1646 1825 1694 1863 ut
1714 1833 1765 1863 ea

207 1919 314 1949 cura
334 1912 632 1949 exonerentur
656 1905 864 1949 Rectores
881 1906 931 1959 (I,
958 1906 1052 1958 189)
1075 1912 1118 1950 et
1138 1906 1318 1959 regulae
1341 1919 1445 1950 suae
1467 1911 1646 1949 tenaces
1678 1906 1765 1950 sint

206 2003 426 2034 memores
444 1990 631 2034 Instituti
653 1990 880 2034 Societatis
912 1991 1027 2045 quod
1051 1991 1269 2045 profectui
1300 1990 1544 2034 animarum
1566 1990 1764 2045 invigilat

207 2077 257 2129 (Ι,
281 2075 393 2129 464).
417 2075 571 2119 Cetera
587 2075 676 2119 vid.
696 2076 888 2132 Negotia
908 2077 1176 2130 saecularia,
1194 2077 1493 2132 Temporalia.

261 2210 519 2255 PROFESSI
538 2211 667 2264 primi
690 2211 776 2255 sint
809 2212 851 2254 in
883 2211 1184 2265 missionibus,
1215 2225 1314 2254 cum
1344 2211 1397 2254 ad
1428 2211 1548 2265 ipsos
1577 2211 1759 2265 proprie

205 2296 344 2349 magis
362 2302 531 2350 spectet
550 2296 632 2339 hoc
655 2297 908 2340 exercitium
933 2296 981 2350 «1,
1005 2296 1100 2349 272,
1123 2296 1235 2350 275).
1270 2296 1451 2340 Faciunt
1471 2297 1586 2340 enim
1611 2303 1759 2340 votum

206 2382 418 2425 sollemne
441 2381 494 2425 de
510 2381 793 2425 missionibus
814 2382 886 2435 (ΙΙ,
909 2382 976 2435 42,
1000 2382 1086 2436 43),
1106 2382 1179 2436 qui
1204 2383 1321 2426 velut
1338 2383 1509 2426 nativus
1532 2383 1761 2426 character

205 2466 432 2510 Societatis
450 2472 517 2510 est
531 2466 582 2519 (Ι,
605 2466 717 2519 466).
737 2467 875 2510 Curae
896 2466 1109 2520 cordique
1125 2467 1289 2510 habere
1311 2467 1475 2510 debent
1495 2467 1758 2510 christianae

204 2551 430 2595 doctrinae
460 2551 698 2594 tradendae
719 2551 1027 2603 ministerium,
1060 2558 1281 2604 tamquam
1308 2552 1504 2605 ipsorum
1526 2552 1757 2605 proprium

204 2637 255 2689 (Ι,
278 2636 376 2689 275)
397 2637 491 2689 ipsa
509 2636 596 2679 voti
618 2636 832 2689 religione
853 2636 925 2688 (ΙΙ,
948 2637 1034 2688 44).
1058 2636 1121 2679 Ab
1144 2636 1251 2690 ipsis
1283 2650 1460 2690 quoque
1482 2637 1593 2680 tradi
1616 2637 1760 2680 solent

207 2721 462 2774 disciplinae
481 2721 735 2774 superiores
757 2721 827 2775 (ΙΙ,
851 2720 935 2775 30).

260 2805 427 2848 Idcirco
458 2804 675 2858 professio
706 2805 903 2849 instituta
936 2812 1003 2849 est
1039 2812 1084 2849 ut
1115 2805 1157 2849 in
1191 2806 1318 2849 vinea
1353 2805 1524 2849 Domini
1554 2806 1758 2850 alacriter

205 2904 385 2945 operam
408 2904 529 2934 suam
562 2890 749 2944 quisque
779 2897 915 2944 ponat
944 2891 994 2944 (1,
1026 2890 1112 2943 62).
1146 2891 1209 2934 Ad
1239 2891 1350 2934 hanc
1383 2905 1471 2935 non
1502 2892 1756 2935 admittendi

204 2983 306 3020 sunt
327 2976 409 3020 nisi
436 2977 480 3019 in
501 2982 691 3029 utroque
713 2976 855 3019 studio
877 2976 1050 3029 pietatis
1081 2982 1125 3019 et
1153 2976 1380 3019 doctrinae
1411 2976 1562 3020 sedulo
1595 2978 1756 3020 versati

202 3063 254 3115 (l,
272 3061 358 3114 62).
379 3061 662 3114 Indignorum
680 3061 885 3104 admissio
904 3068 1066 3114 quanta
1082 3061 1302 3104 calamitas
1316 3061 1386 3114 (ΙΙ,
1409 3061 1614 3114 137-130).
1636 3061 1755 3105 llanc

204 3146 446 3200 impedient
462 3151 609 3189 rectae
626 3145 958 3188 informationes
974 3145 1045 3198 (Il,
1076 3146 1164 3199 140,
1186 3146 1277 3200 141,
1302 3146 1396 3199 144,
1422 3146 1533 3197 145).
