2315 3559
310 257 376 294 DE
401 256 480 293 BB.
513 254 638 291 Emi.
670 251 919 289 CAMPIAM
948 251 1009 288 ET
1037 248 1298 287 samonum
1328 245 1590 284 ›mari-nio
1663 229 1727 283 37

173 409 281 454 tam
310 416 507 465 magna
544 396 649 450 dici
689 403 880 463 potest,
911 410 1074 461 quam
1102 409 1181 458 ea,
1222 408 1282 444 ex
1319 408 1425 457 qua
1462 396 1616 442 natus
1651 396 1729 440 est

172 497 454 552 hominum
483 494 855 562 Redemptor?

238 595 321 650 12.
364 595 585 648 Gentem
607 592 786 658 aliam,
811 590 1091 645 sanctitate
1118 604 1369 654 magnam
1391 594 1443 640 et
1464 585 1723 652 doctrina,

169 702 384 762 gentem
423 694 529 746 Deo
569 693 817 746 devotam
863 698 914 743 et
951 689 1171 742 Summo
1212 684 1475 751 Pontifici,
1513 693 1726 750 gentem

169 792 334 848 animi
363 791 687 846 demissione
715 787 983 856 imprimis
1002 795 1053 841 et
1078 784 1418 840 oboedientia
1440 783 1725 849 insignem,

169 909 356 947 eorum
385 908 521 958 quae
544 890 806 943 mundum
836 888 1079 942 redolent
1099 892 1388 952 expertem,
1419 891 1633 949 gentem
1662 883 1725 934 ad

169 990 395 1044 humilia
424 989 645 1057 quaevis
674 988 923 1041 obeunda
950 993 1210 1054 paratam,
1241 985 1307 1037 ad
1337 981 1592 1050 martyria
1619 999 1731 1034 sus-

167 1090 386 1144 tinenda
414 1090 662 1154 alacrem,
688 1086 897 1141 ardenti
926 1093 976 1140 et
1004 1084 1218 1139 assidua
1245 1082 1551 1151 precatione
1578 1080 1730 1134 lacri-

167 1190 377 1257 misque
410 1189 629 1256 supplex
659 1206 688 1241 a
717 1186 942 1241 Domino
975 1184 1129 1253 petiit
1159 1192 1210 1237 et
1242 1181 1552 1250 impetravit
1580 1181 1731 1247 Igna-

167 1288 289 1342 tius.
323 1289 468 1342 Hanc
509 1294 753 1353 vegetam
793 1284 1085 1353 apostolica
1123 1282 1319 1336 virtute
1360 1282 1729 1347 virentemque

167 1387 369 1441 servari
391 1404 497 1440 non
520 1403 692 1454 posse,
707 1384 810 1438 nisi
829 1391 1129 1451 separatam
1151 1400 1180 1435 a
1200 1399 1358 1435 carne
1380 1389 1431 1434 et
1448 1378 1725 1446 sanguine,

166 1485 528 1550 considerans,
560 1501 656 1552 pro
684 1500 764 1549 60,
800 1499 907 1550 quo
947 1480 1044 1534 viri
1076 1479 1243 1533 sancti
1275 1480 1504 1545 flagrant
1542 1494 1725 1531 amore

167 1584 370 1650 divinO,
418 1583 819 1648 incenduntque
880 1579 1042 1634 etiam
1098 1578 1329 1632 maxime
1390 1577 1612 1643 ignavos
1674 1584 1725 1630 et

165 1683 381 1749 inertes,
417 1699 514 1749 pro
549 1698 610 1735 eo
644 1697 827 1734 amore
860 1687 1101 1747 paternO,
1132 1694 1239 1745 quo
1266 1694 1362 1730 nos
1390 1684 1598 1730 sanctos
1632 1675 1726 1729 ali-

165 1782 381 1850 quando
403 1781 457 1834 in
486 1779 721 1848 paradisi
748 1778 920 1846 gloria
941 1795 1121 1832 secum
1144 1794 1257 1831 esse
1278 1775 1547 1844 exoptavit
1570 1776 1726 1829 vehe-

165 1888 390 1947 menter,
421 1878 698 1933 mandavit
735 1877 985 1931 omnibus
1017 1884 1075 1930 ut
1105 1893 1321 1929 omnem
1359 1874 1534 1928 carnis
1569 1874 1726 1928 affec-

165 1986 279 2032 tum
307 1996 434 2045 erga
461 1977 721 2044 sanguine
748 1975 956 2029 iunctos
984 1982 1253 2041 exuerent,
1284 1973 1532 2041 filiosque
1560 1990 1725 2040 popo-

165 2078 263 2132 scit
312 2096 338 2131 a
390 2078 515 2143 De0,
575 2077 776 2130 mundo
827 2093 886 2129 ac
947 2073 1167 2142 proprio
1223 2072 1396 2127 amori
1457 2081 1717 2125 mortuos,

165 2177 474 2245 Eademque
501 2178 565 2231 de
592 2194 750 2230 causa
771 2173 1060 2243 praecepit,
1090 2181 1149 2226 ut
1168 2172 1414 2226 inutilem
1436 2179 1720 2240 parentum

164 2278 245 2331 vel
290 2276 609 2331 memoriam
655 2277 986 2343 deponamus
1031 2290 1200 2340 usque
1244 2289 1324 2339 e0‚
1366 2279 1442 2338 ut,
1489 2289 1611 2325 cum
1656 2272 1720 2324 de

162 2376 316 2430 bonis
355 2375 699 2430 statuendum
738 2383 834 2441 est,
875 2381 1057 2427 utrum
1096 2371 1421 2441 pauperibus
1467 2370 1572 2424 sint
1620 2371 1723 2424 lar-

162 2474 376 2542 gienda,
409 2493 474 2528 an
501 2472 932 2540 consanguineis,
963 2471 1372 2537 interrogandos
1401 2488 1515 2524 esse
1543 2471 1723 2524 decre-

165 2573 318 2640 verit,
343 2572 437 2641 qui
464 2590 660 2626 nomen
674 2571 924 2626 Societati
947 2570 1125 2625 daturi
1147 2578 1287 2637 sunt,
1312 2588 1379 2623 an
1400 2568 1572 2637 parati
1594 2567 1717 2633 sint,

162 2672 215 2726 id
255 2671 458 2739 negotii
496 2671 551 2724 in
597 2670 738 2724 viros
776 2669 927 2737 alios,
970 2686 1104 2737 quos
1142 2668 1486 2723 commendat
1525 2667 1632 2721 vita
1670 2673 1722 2720 et

162 2771 423 2838 doctrina,
455 2770 717 2826 derivare.
761 2769 850 2823 Est
883 2769 1027 2823 enim
1061 2777 1281 2837 propter
1313 2768 1563 2823 affectum
1604 2785 1721 2821 san-

160 2871 339 2938 guinis
377 2869 592 2925 errandi
623 2868 942 2937 periculum,
972 2868 1016 2922 si
1053 2886 1171 2922 eam
1209 2885 1393 2921 curam
1431 2867 1585 2921 nobis
1617 2865 1718 2933 ipsi

160 2988 515 3024 assumamus,

229 3068 380 3131 Quod
419 3068 464 3122 si
514 3067 568 3121 in
614 3085 669 3121 re
714 3065 1012 3121 necessaria
1062 3065 1231 3119 nostri
1280 3082 1558 3119 removere
1596 3082 1650 3118 se
1688 3081 1716 3116 a

160 3167 539 3222 consuetedine
573 3174 856 3235 parentum
890 3165 1103 3232 dehent,
1128 3172 1330 3232 quanto
1362 3163 1568 3231 potiore
1603 3162 1716 3216 iure

1876 584 1990 628 Idem

1815 640 2057 691 praemium

1801 693 1926 736 nobis
1949 694 2074 746 petiit

1838 749 2029 800 Ignatius

1819 2193 2040 2238 oblivione

1808 2248 2055 2293 delentibus

1810 2309 2044 2356 parentum

1792 2358 2066 2401 memoriam.

1806 2433 1876 2463 Ex.
1900 2440 1991 2472 gen.
2019 2441 2052 2464 c.

1839 2474 1905 2505 IV.
1925 2482 1966 2504 n.
1983 2474 2016 2505 2.

1847 2771 1901 2803 ib.
1918 2780 1958 2803 n.
1977 2774 2009 2803 3.
