2315 3559
272 617 368 662 Non

178 673 445 719 inveteravit

206 729 419 775 Societas,

207 2734 303 2768 Tob.
319 2735 352 2774 8,
370 2735 422 2768 18.

523 237 625 293 0214
696 254 947 294 EPISTOLA
985 255 1034 294 R.
1078 256 1124 294 Ρ.
1166 257 1219 295 Ν.
1261 256 1380 295 ΑΝΤ.
1430 255 1555 295 MAR.
1602 255 1912 296 ANDERLEDY

524 401 728 456 excelsa
771 401 1058 457 desideria.
1100 401 1254 457 Subit
1296 402 1422 458 dein
1466 403 1709 458 animum
1749 410 1911 472 atque
1948 404 2089 459 obsi-

524 501 615 556 det
669 518 851 556 rerum
906 508 1214 556 nostrarum
1266 502 1524 571 taedium,
1577 510 1739 571 atque
1794 521 1855 558 ex
1908 503 2087 559 taedio

524 600 707 670 prodit
749 601 952 670 opini0,
1000 601 1320 656 Societatem
1376 619 1483 656 non
1533 603 1821 658 convenire
1871 603 2089 671 ingenio

524 702 629 755 alta
684 701 1061 769 spectantium,
1110 718 1205 755 nec
1254 701 1468 770 lumini,
1529 710 1587 756 ut
1641 702 1843 770 dicunt,
1902 703 2091 758 aetatis

524 808 738 855 nostrae
787 817 1103 868 congruere.
1153 800 1284 854 Mira
1339 818 1559 869 prorsus
1609 801 1793 870 opinio
1842 802 2093 870 ignoran-

524 900 660 955 tium
707 918 790 954 res
846 907 1058 955 nostras
1115 901 1197 955 vel
1258 901 1571 956 caecorum!
1632 901 1889 957 Maiorem
1945 903 2090 957 enim

524 1000 578 1054 in
624 1001 849 1055 modum
900 1007 1158 1069 petuntur
1212 1001 1384 1056 nostri
1434 1001 1527 1056 ubi
1577 1019 1685 1057 non
1730 1010 1873 1070 sunt,
1927 1010 2090 1071 atque

524 1099 579 1154 in
630 1107 708 1154 tot
756 1099 1070 1166 regionibus
1108 1107 1383 1169 petuntur,
1421 1109 1480 1155 ut
1517 1101 1906 1170 postulantium
1953 1102 2090 1158 votis

523 1199 775 1254 satisfieri
837 1217 944 1254 non
1007 1201 1193 1269 possit,
1253 1208 1416 1269 atque
1476 1219 1505 1256 a
1563 1201 1691 1256 viris
1747 1220 1854 1257 non
1916 1204 2090 1258 solum

524 1301 818 1369 primariiS,
872 1303 964 1357 sed
1011 1301 1174 1356 etiam
1221 1302 1467 1356 summis

593 1401 693 1456 Ubi
758 1420 883 1457 vero
939 1410 1081 1470 sunt,
1135 1403 1397 1471 singulari
1448 1403 1733 1458 hominum
1796 1404 2091 1473 proborum

523 1509 749 1557 utuntur
792 1503 1186 1571 benevolentia,
1232 1503 1586 1572 iuventutem,
1640 1504 1818 1573 quoad
1870 1506 1946 1560 fas
1991 1513 2088 1572 est,

523 1601 813 1657 instituunt
850 1602 1063 1670 litteris,
1094 1604 1322 1672 populos
1361 1605 1625 1672 excolunt,
1656 1612 1884 1673 prosunt
1921 1605 2094 1659 omni-

520 1704 639 1759 bus

593 1804 801 1859 Eiectos
857 1822 885 1859 e
936 1803 1153 1860 sedibus
1204 1806 1352 1872 luget
1401 1807 1630 1874 populus
1681 1805 1876 1874 fidelis,
1930 1813 2092 1875 atque

524 1903 830 1959 incredibili
880 1912 1094 1972 conam,
1148 1904 1332 1960 labore
1381 1923 1441 1959 ac
1486 1905 1665 1960 studio
1715 1906 1992 1962 contendit
2041 1914 2093 1962 et

524 2005 800 2073 conititur,
842 2007 1177 2060 fortunatum
1217 2024 1409 2075 parare
1454 2006 1724 2061 exsulibus
1762 2007 1999 2062 reditum
2038 2007 2093 2062 in

523 2113 780 2160 consueta
830 2107 1105 2175 quondam
1157 2114 1209 2161 et
1251 2124 1373 2161 cara
1425 2106 1719 2162 domicilia.

592 2205 826 2261 Societas
865 2205 1049 2275 igitur,
1081 2224 1220 2276 quae
1257 2207 1431 2274 gratia
1474 2207 1567 2262 Dei
1608 2225 1819 2262 summa
1857 2215 1954 2277 est,
1985 2226 2093 2263 non

523 2306 822 2361 consenuit.
889 2306 1041 2371 Quod
1110 2307 1331 2376 quidem
1400 2307 1520 2364 dico
1582 2326 1691 2364 non
1762 2309 2093 2377 glorians-—

524 2406 757 2461 absit—
785 2452 797 2475 ‚
852 2408 943 2463 sed
988 2408 1202 2463 laudem
1249 2407 1491 2463 tribuens
1536 2415 1588 2463 et
1630 2409 1894 2464 honorem
1946 2409 2094 2464 debi-

524 2515 639 2562 tum
685 2506 792 2563 Deo
843 2507 1072 2563 Domino
1111 2525 1169 2563 ac
1220 2507 1483 2563 Salvatori
1527 2517 1730 2577 nostro,
1783 2508 2093 2578 gratiasque

525 2624 688 2674 agens
739 2606 1061 2662 iustissimas
1118 2608 1387 2663 conditori
1437 2609 1563 2677 Deo,
1612 2608 1706 2677 qui
1757 2608 1882 2663 fecit
1917 2609 2093 2663 ‘nobis-

525 2725 647 2761 cum
710 2708 1164 2763 misericordiam.
1226 2709 1361 2763 Huic
1423 2708 1826 2764 misericordiae
1889 2726 1949 2763 ac
2003 2709 2094 2763 be-

525 2807 778 2876 nignitati
835 2809 1068 2863 confisus
1130 2809 1392 2878 infinitae,
1458 2809 1655 2864 iterum
1711 2809 1832 2864 dico
1898 2826 1908 2862 :
1974 2810 2092 2863 Non

525 2907 807 2963 consenuit
855 2907 1108 2963 Societas,
1163 2909 1383 2964 Minime
1441 2927 1565 2965 vero
1622 2909 1902 2964 consenuit
1956 2908 2093 2964 divi-

523 3025 624 3062 nus
668 3025 796 3077 erga
839 3008 1090 3063 dilectam
1135 3008 1454 3066 Societatem
1505 3027 1676 3077 amor,
1729 3008 1955 3063 minime
1998 3009 2091 3063 Dei

522 3109 824 3165 clementia.
885 3111 1058 3179 Atque
1113 3110 1168 3165 in
1225 3129 1285 3166 ea
1337 3129 1391 3166 re
1435 3109 1829 3167 consentientes
1874 3126 2086 3164 mecum

524 3210 697 3266 habeo
748 3210 929 3266 Patres
991 3212 1256 3267 secundae
1312 3211 1598 3268 vicesimae
1647 3208 2088 3278 Congregationis
