2315 3559
220 252 286 290 m:
325 249 594 290 PEmcums
631 248 919 288 TEMPORUM
959 246 1274 286 Nosrnonun
1315 245 1568 284 CAVENms
1605 228 1707 284 315

153 395 218 449 de
256 394 359 450 illis
405 396 685 449 horrorem
729 392 1010 447 remittunt
1048 399 1208 459 atque
1251 391 1550 458 deponunt3
1593 395 1705 441 tum

153 513 279 550 vero
330 494 481 548 facile
530 493 632 547 sibi
677 492 1019 561 persuadent,
1051 489 1308 545 dolendos
1352 505 1442 542 eos
1486 486 1706 555 quidem

154 613 284 662 esse,
333 612 519 648 verum
564 609 661 662 pro
705 601 1011 660 temporum
1050 589 1365 644 condicione
1403 587 1707 642 tolerandos

153 696 218 750 ad
259 694 464 748 maiora
501 695 639 748 mala
680 691 922 757 vitanda;
955 709 1013 745 ex
1052 707 1159 758 quo
1195 688 1393 744 sensim
1432 696 1483 741 et
1520 685 1710 740 leniter

153 810 214 848 eo
253 791 560 858 deveniunt,
598 798 656 844 ut
692 807 798 844 non
837 790 1069 844 audeant
1106 805 1294 843 eorum
1333 803 1509 840 mores
1548 783 1710 838 ratio-

154 909 386 961 nemque
448 890 775 958 improbare,
842 888 1163 957 quibuscum
1225 885 1421 941 cotidie
1483 883 1710 938 familia-

153 990 365 1045 rissime
409 997 569 1058 atque
612 988 937 1042 amicissime
976 987 1164 1041 vivunt
1179 1005 1191 1052 ;
1245 984 1462 1038 tandem
1524 998 1711 1036 eorum

156 1089 379 1157 vestigia
429 1097 479 1143 et
534 1088 635 1157 ipsi
686 1095 1002 1156 sequuntur,
1056 1085 1392 1152 eandemque
1447 1081 1711 1136 rationem

155 1190 263 1244 vita
301 1196 352 1244 et
390 1188 630 1243 moribus
666 1187 972 1256 exprimunt
985 1205 997 1253 ;
1028 1185 1102 1239 nil
1130 1183 1444 1251 cogitantes,
1475 1199 1547 1248 se,
1579 1197 1713 1249 quos

155 1306 362 1344 errores
410 1288 685 1342 theoretice
722 1287 1100 1352 condemnant,
1150 1283 1253 1337 illis
1285 1282 1518 1350 practice
1562 1297 1713 1334 suam

159 1387 321 1442 vitam
371 1387 726 1442 conformare.
776 1385 902 1449 Quis
953 1383 1135 1451 igitur,
1184 1381 1345 1437 etiam
1402 1398 1429 1435 e
1485 1378 1711 1445 NostriS,

156 1488 272 1542 iure
321 1487 423 1541 sibi
472 1486 713 1555 polliceri
763 1484 932 1554 possit
974 1502 1028 1538 se
1077 1484 1142 1538 ab
1187 1480 1500 1536 huiusmodi
1538 1487 1717 1533 conta-

155 1586 315 1655 gione
371 1586 696 1640 incolumem
753 1600 1059 1651 evasurum,
1112 1582 1215 1636 nisi
1265 1580 1366 1635 sibi
1418 1578 1717 1647 diligentis-

157 1687 291 1742 sime
329 1687 555 1742 caveat‘?
591 1687 776 1741 Nonne
814 1684 1118 1739 timendum
1157 1689 1253 1749 est,
1292 1698 1358 1735 ne
1395 1681 1716 1734 Nostrorum

157 1787 319 1842 etiam
363 1786 571 1840 animos
622 1801 908 1839 commune
957 1784 1058 1837 hoc
1108 1782 1310 1836 malum
1357 1780 1604 1834 inficiat?
1652 1796 1717 1833 ne

157 1895 466 1956 corruptam
541 1887 677 1940 hanc
755 1885 1070 1939 hauriamus
1144 1898 1353 1948 auram,
1419 1888 1470 1935 et
1547 1878 1717 1933 letalis

159 1986 349 2042 veneni
393 1985 598 2041 semina
642 1983 1008 2052 concipiamus
1055 1981 1222 2048 veniS,
1271 1998 1408 2049 quae
1453 1978 1718 2033 sinceram

157 2087 560 2156 genuinamque
614 2085 896 2153 religiosae
952 2083 1091 2138 vitae
1138 2081 1412 2136 'rationem
1480 2096 1721 2134 corrum-

158 2188 336 2256 pant?

225 2285 309 2342 39.
352 2285 463 2340 Hoc
501 2302 563 2339 eo
615 2283 786 2351 magis
830 2282 1134 2337 timendum
1180 2288 1276 2347 est,
1307 2279 1453 2347 quod
1499 2277 1721 2346 spiritus

158 2384 247 2440 hic
295 2383 574 2450 libertatiS,
629 2399 791 2451 quem
837 2380 1160 2436 recentiores
1209 2377 1452 2447 specioso
1504 2375 1722 2431 nomine

161 2483 633 2552 independentiam
694 2481 896 2548 dicunt,
962 2479 1139 2534 verius
1200 2485 1381 2533 autem
1448 2475 1722 2531 licentiam

160 2582 408 2648 dixerint,
456 2581 529 2635 ita
567 2587 772 2634 mentes
811 2578 1055 2634 omnium
1093 2576 1380 2631 hominum
1419 2573 1718 2643 occupavit,

163 2690 222 2736 ut
255 2683 336 2736 vel
369 2681 435 2735 ab
473 2680 588 2748 ipsa
625 2677 855 2747 pueritia
892 2679 991 2732 hac
1029 2684 1176 2745 peste
1213 2675 1377 2730 afflati
1409 2681 1718 2743 appareant.

163 2782 298 2836 Talis
337 2798 572 2848 namque
616 2779 922 2834 miserando
962 2780 1069 2833 fato
1116 2794 1228 2831 esse
1278 2793 1385 2830 non
1429 2793 1551 2830 raro
1591 2776 1724 2830 solet

165 2880 339 2949 prima
374 2879 667 2935 domestica
694 2878 957 2946 educatio,
988 2886 1063 2946 ut,
1095 2894 1202 2946 quo
1228 2885 1411 2931 tenera
1438 2876 1526 2930 illa
1554 2884 1724 2930 aetate

166 2998 299 3048 puer
336 2978 728 3048 proterviorem
767 2995 822 3031 se
866 2984 918 3031 et
961 2975 1416 3045 impudentiorem
1457 2974 1720 3041 exhibeat,

167 3097 229 3134 eo
285 3078 633 3146 ingeniosior,
699 3093 760 3131 eo
815 3075 1100 3130 amabilior
1162 3075 1228 3129 ab
1288 3072 1722 3142 imprudentibus

168 3177 478 3249 parentibus
533 3176 783 3231 laudetur
843 3192 901 3230 ac
962 3173 1276 3229 celebretur.
1337 3172 1490 3242 Hinc,
1545 3171 1724 3226 adule-

1812 2299 1864 2329 eo
1886 2284 2042 2337 magis,

1809 2340 1926 2394 quod
1949 2340 2045 2393 ipsa

1807 2394 2049 2438 domestica

1822 2449 2023 2493 educatio

1840 2504 1893 2547 ad
1910 2505 2022 2547 hanc

1802 2559 2050 2602 libertatem

1785 2613 2069 2665 informatum
