2315 3559
203 351 245 394 4.

199 435 238 478 5.

641 207 689 245 R.
734 207 779 244 P.
822 207 872 243 N.
918 205 1068 243 PETRI
1108 205 1269 243 BECKX
1630 190 1730 246 399

286 349 528 403 Diligenter
548 349 797 404 probentur
820 348 1001 392 Novicii.

282 434 532 478 Iunioribus
567 441 687 478 recte
722 433 964 477 formandis
1005 434 1216 487 aptissimi
1258 434 1577 488 Praeceptores
1623 435 1728 478 assi-

280 526 487 573 gnentur,
512 526 554 563 et
573 525 785 572 urgeatur
806 518 980 572 linguae
1002 519 1161 563 latinae
1182 534 1302 563 usus.
1328 519 1491 563 Sensus
1513 520 1590 563 hac
1614 519 1656 562 in
1680 534 1729 563 re

281 604 645 659 Congregationis
668 603 772 647 XIV.

278 689 502 744 Digressio
552 690 605 733 de
655 689 812 743 spiritu
855 690 1180 744 nationalitatis‚
1232 704 1256 734 a
1300 691 1457 745 spiritu
1501 690 1729 734 Societatis

280 786 465 826 prorsus
487 772 646 815 alieno.

226 889 237 900 .
278 856 334 900 Ut
364 856 610 900 scholastici
646 856 887 910 disciplinis
923 857 1237 912 philosophicis
1274 865 1317 901 et
1352 857 1610 911 theologicis
1648 857 1730 901 rite

278 942 577 995 instituantur,
622 942 884 996 tempestive
932 944 1160 988 mittantur
1204 943 1256 987 ad
1301 943 1464 996 studia;
1517 943 1729 998 aptissimi

279 1035 423 1071 autem
475 1042 558 1082 per
609 1028 835 1072 biennium
885 1043 933 1073 ea
984 1029 1203 1082 recolant;
1245 1030 1436 1074 lectores
1482 1029 1728 1074 doctrinam

277 1113 317 1158 S.
350 1113 540 1158 Thomae
563 1120 820 1168 sequantur.
844 1114 966 1158 Serio
991 1115 1200 1159 monendi
1223 1116 1296 1169 qui
1319 1115 1446 1160 aliter
1467 1116 1663 1160 sentiunt
1684 1122 1730 1160 et

277 1199 533 1253 loquuntur.
560 1199 756 1244 Hortatio
773 1200 820 1243 Ρι.
847 1199 891 1243 Ρ.
917 1200 1072 1254 Ignatii
1094 1200 1385 1245 Yicecomitis.

194 1283 278 1328 8-9.
305 1284 416 1336 Quid
439 1298 545 1338 erga
565 1285 790 1338 proximos
811 1285 1142 1339 praestandum.
1178 1286 1298 1329 Licet
1331 1286 1525 1330 Societas
1548 1300 1570 1329 e
1594 1286 1730 1330 domi-

170 1625 234 1669 10.

169 1969 232 2012 11.

278 1369 361 1412 bus
383 1383 432 1412 ac
453 1369 627 1423 templis
655 1369 745 1413 suis
776 1369 915 1413 eiecta
950 1370 1019 1423 sit,
1044 1383 1132 1413 non
1155 1370 1253 1414 ideo
1290 1384 1466 1415 cessare
1495 1370 1726 1425 debemus,

280 1454 356 1498 sed
391 1454 530 1507 magis
567 1468 647 1498 nos
682 1454 941 1508 impendere
976 1455 1029 1498 ad
1062 1455 1310 1510 exemplum
1346 1456 1559 1510 Apostoli.
1600 1456 1729 1500 Plura

279 1540 395 1583 enim
417 1540 661 1584 ministeria
678 1554 887 1584 exercere
908 1555 1162 1594 possumus.

279 1624 510 1678 Encyclica
542 1625 594 1668 de
615 1625 707 1668 zelo
731 1625 974 1668 animarum
1005 1639 1111 1679 prae
1132 1625 1336 1669 manibus
1357 1626 1572 1669 habenda.
1599 1626 1729 1669 Levia

279 1717 322 1754 et
356 1725 470 1754 nova
510 1725 598 1754 non
639 1711 958 1763 consectanda3
998 1711 1133 1755 multo
1167 1712 1313 1755 minus
1351 1726 1462 1765 quae
1499 1713 1640 1755 aliena
1675 1712 1727 1755 ab

279 1797 479 1840 Instituto
506 1797 678 1850 :qualis
715 1803 782 1840 est
816 1811 921 1841 cura
951 1797 1205 1841 monialium
1241 1804 1315 1841 aut
1350 1812 1729 1852 quarumcumque

276 1882 509 1926 mulierum
531 1882 575 1925 in
598 1881 819 1925 communi
839 1882 1094 1926 viventium.

276 1968 386 2020 Quid
417 1969 609 2013 senserit
636 1969 716 2012 hac
749 1968 802 2012 de
823 1982 872 2012 re
894 1968 934 2012 S.
963 1969 1006 2011 P.
1032 1969 1242 2022 ignatius.
1266 1969 1369 2013 Eius
1392 1969 1445 2012 ad
1470 1969 1725 2014 Pontificem

275 2053 449 2098 libellus
494 2054 693 2109 supplex.
736 2054 899 2098 Summi
949 2053 1170 2098 Pontificis
1220 2054 1472 2098 declaratio.
1523 2054 1632 2106 Quid
1683 2054 1727 2098 in

276 2141 669 2185 Constitutionibus
701 2147 930 2185 statuatur.
956 2141 1236 2195 Exceptionis
1266 2140 1588 2196 interpretatio.
1615 2141 1728 2193 Quo·

276 2228 407 2271 modo
431 2242 478 2272 se
501 2227 691 2281 gesserit
710 2227 750 2271 S.
777 2227 822 2270 P.
842 2227 1052 2281 Ignatius.

169 2312 306 2357 12-13.
332 2312 427 2357 Non
462 2311 718 2357 claustrales
754 2318 938 2366 tantum,
969 2313 1047 2357 sed
1084 2326 1390 2366 quaecumque
1425 2313 1469 2356 in
1505 2314 1727 2357 communi

169 2741 234 2785 14.

168 2993 234 3038 15.

168 3079 233 3123 16.

167 3165 233 3209 17.

275 2398 429 2442 vivunt
456 2397 674 2442 arcendae
696 2412 720 2441 a
750 2404 1004 2442 nostrorum
1036 2398 1390 2442 confessionibus
1416 2413 1424 2442 :
1448 2405 1496 2443 ut
1517 2413 1726 2453 expresse

277 2484 474 2528 decrevit
511 2483 803 2537 Congregatio
835 2483 923 2536 vll,
958 2490 1001 2527 et
1030 2484 1305 2528 confirmavit
1325 2483 1616 2538 Congregatio
1638 2485 1724 2538 XX,

278 2576 322 2614 et
370 2570 614 2624 Praepositi
663 2569 901 2613 Generales
948 2568 992 2612 in
1034 2569 1124 2613 suis
1172 2569 1402 2624 responsis
1442 2570 1633 2625 saepius,
1676 2585 1725 2614 ac

277 2656 468 2710 denique
491 2655 648 2699 summi
671 2655 916 2699 Pontifices.

278 2741 427 2786 Cautio
449 2740 712 2794 adhibenda,
744 2740 819 2784 ubi
849 2740 1050 2784 absoluta
1071 2741 1313 2785 necessitas
1335 2742 1467 2795 cogit.
1502 2741 1723 2794 Quaenam

277 2827 364 2871 sint
399 2826 644 2870 ministeria
673 2826 857 2880 propria
889 2825 1133 2880 Societatis‚
1171 2827 1418 2871 exercenda
1445 2841 1544 2871 cum
1579 2827 1725 2871 fructu

278 2909 361 2952 hoc
382 2913 600 2962 tempore.

278 2992 396 3046 Quae
416 2992 696 3047 praestanda,
721 2999 768 3036 ut
789 2993 977 3047 quisque
997 2993 1205 3048 propriae
1222 2992 1484 3048 perfectioni
1507 2993 1720 3037 consulat.

277 3078 454 3123 Etiamsi
476 3078 619 3132 pauci,
636 3078 867 3132 pristinam
883 3084 1064 3123 teneant
1080 3079 1254 3123 vivendi
1275 3079 1505 3123 rationem.

278 3164 468 3219 Tempus
488 3163 652 3208 utiliter
667 3169 813 3208 terant
827 3177 879 3208 ex
895 3169 1004 3209 nutu
1024 3171 1067 3209 et
1089 3164 1310 3209 voluntate
1325 3164 1625 3218 Superiorum.
