2315 3559
586 1125 671 1186 R.
722 1124 798 1184 P.
849 1124 928 1185 N.
978 1124 1187 1185 ANT.
1243 1124 1471 1187 MAR.
1521 1124 2100 1187 ANDERLEDY

751 1310 822 1355 AD
855 1310 1062 1355 PATRES
1093 1311 1161 1355 ET
1192 1310 1439 1355 FRATRES
1469 1310 1780 1356 SOCIETATIS
1810 1310 1931 1355 IESU

592 1747 660 1784 DE
698 1746 1008 1784 REPETENDA
1046 1745 1273 1783 SUBINDE
1311 1743 1621 1782 SANCTORUM
1663 1742 1835 1792 PETRI,
1883 1741 2098 1780 IOANNIS

686 1847 748 1883 ET
787 1845 1048 1884 ALPHONSI
1089 1844 1390 1882 PRAECLARE
1427 1843 1705 1881 GESTORUM
1747 1842 2007 1880 MEMORIA.

628 2012 759 2067 Cum
815 2029 956 2066 anno
1013 2011 1174 2065 huius
1224 2011 1421 2065 saeculi
1472 2018 1666 2078 quarto
1711 2017 1761 2064 et
1800 2008 2133 2076 sexagesimo

560 2113 748 2167 Petrus
815 2111 1076 2178 Canisius‚
1142 2119 1194 2164 et
1265 2127 1405 2164 anno
1467 2109 1711 2178 proxime
1784 2107 2132 2176 subsequenti

560 2214 783 2267 loannes
812 2212 1137 2266 Berehmans
1173 2211 1460 2265 Beatorum
1499 2217 1674 2263 essent.
1712 2209 1860 2262 fastis
1891 2207 2130 2275 ascripti,

559 2313 652 2380 qui
692 2321 804 2366 tum
844 2319 1089 2380 praeerat
1115 2310 1367 2365 Societati
1395 2318 1627 2377 nostrae,
1658 2309 1863 2362 litteras
1891 2307 2040 2362 dedit
2065 2308 2130 2361 ad

559 2412 880 2467 Societatem
925 2412 1233 2466 universam
1279 2427 1419 2465 anno
1464 2418 1609 2463 sexto
1661 2417 1712 2463 et
1757 2408 2129 2474 sexagesimo;

560 2522 722 2581 atque
778 2513 908 2568 illud
961 2513 1105 2567 idem
1157 2511 1542 2580 praestandum
1594 2510 1695 2564 sibi
1740 2509 1967 2577 putavit,
2010 2524 2132 2561 eum

563 2614 686 2667 Pius
708 2614 771 2667 IX
795 2622 973 2667 ratum
1002 2612 1278 2666 habuisset
1303 2613 1506 2665 cultum
1534 2629 1563 2664 a
1591 2611 1789 2678 populo
1816 2608 1964 2663 fideli
1990 2606 2136 2661 exhi-

560 2715 735 2769 bitum
764 2715 925 2769 Beato
954 2715 1110 2768 Petro
1140 2713 1329 2767 FabrO.
1357 2712 1505 2776 Quod
1536 2711 1671 2766 mihi
1699 2727 1917 2779 quoque
1938 2724 2134 2777 propo-

562 2816 726 2870 situm
757 2815 875 2881 suit,
910 2832 1033 2868 oum
1061 2822 1168 2867 tres
1196 2813 1407 2866 Fratres
1436 2812 1616 2866 Nostri
1643 2811 1784 2865 aucti
1817 2816 1992 2863 essent
2019 2824 2134 2860 oae-

564 2917 718 2970 litum
746 2914 1063 2969 Sanetorum
1092 2912 1407 2967 honoribus.
1434 2912 1595 2966 Multa
1616 2919 1815 2977 tamen,
1840 2907 2132 2977 quominus

563 3023 772 3070 mature
801 3030 922 3068 meo
944 3013 1367 3066 obsecundarem
1390 3010 1678 3077 desideriO,
1709 3025 1919 3063 moram
1941 3007 2132 3060 intule-

566 3123 690 3169 runt
744 3112 1152 3182 impedimenta.
1208 3111 1517 3165 Muneribus
1567 3109 1711 3164 enim
1763 3107 1942 3173 officii,
1995 3106 2131 3174 quod

564 3217 801 3285 quidem,
834 3231 894 3268 ex
920 3212 971 3268 S.
1011 3211 1203 3279 Ignatii
1238 3210 1519 3278 sententia,
1550 3210 1729 3278 magis
1760 3226 1918 3277 quam
1963 3213 2124 3260 totum
