2315 3559
542 204 645 259 424
1171 223 1266 261 cot
1297 239 1353 245 —
1383 223 1482 262 coN

596 366 966 412 COLLATIONES
998 367 1264 423 spirituales,
1297 368 1462 412 utinam
1504 368 1768 423 frequenter
1796 370 1916 425 fiant,
1952 371 2106 416 saltem

541 451 657 496 inter
677 452 969 497 Scholasticos
991 460 1035 497 et
1055 452 1231 497 Fratres
1254 452 1542 499 Coadiutores
1565 454 1636 508 (ll,
1660 454 1784 509 421)Ξ

594 538 867 584 collationes
900 539 1075 583 Patrum
1097 538 1291 582 Cassiani
1313 539 1358 582 in
1379 539 1572 584 medium
1597 539 1843 585 afferuntur
1863 541 1914 596 (Ι,
1938 540 2007 596 35,
2030 541 2102 596 39,

539 622 606 676 88,
626 622 694 677 90,
716 622 808 677 125,
826 623 921 676 284,
941 622 1038 678 287,
1058 622 1154 676 322,
1173 622 1268 676 331,
1289 623 1385 678 439,
1404 625 1499 669 451.
1521 625 1573 679 ΙΙ,
1591 624 1679 679 36).

595 770 855 815 COLLEGIA
894 776 938 814 et
976 771 1132 815 domus
1181 771 1451 828 egentiores,
1494 773 1760 818 necessitate
1810 780 2098 829 exposcente,

539 856 737 900 honestis
767 857 1100 910 moderatisque
1131 857 1378 902 rationibus
1409 859 1550 903 iuvari
1580 866 1770 914 possunt
1799 861 1850 915 (Ι,
1883 861 1969 915 67).
2003 861 2106 906 Ideo

539 942 731 996 (lollegio
755 942 944 996 cuipiam
968 957 1045 987 sua
1067 942 1323 998 relinquere
1345 950 1494 998 potest
1514 945 1738 991 nonnullis
1759 946 1982 991 interdum
2005 960 2108 991 con-

541 1028 652 1082 cedi,
679 1029 713 1072 si
735 1036 883 1073 tamen
906 1028 950 1073 in
973 1043 1024 1073 ea
1046 1043 1135 1074 non
1156 1030 1454 1076 hahitaverint
1475 1032 1527 1086 (Ι,
1551 1031 1665 1086 451).

596 1115 628 1159 Ε
655 1130 705 1160 re
736 1115 965 1160 Societatis
995 1115 1040 1160 in
1070 1116 1327 1170 praesentia
1358 1131 1448 1162 non
1478 1118 1655 1163 videtur
1684 1118 1839 1174 augeri
1871 1133 2107 1164 numerum

539 1201 833 1256 Collegiorum
865 1203 916 1256 (Ι,
939 1201 1034 1246 274.
1060 1202 1120 1246 Cf.
1147 1202 1200 1256 ll,
1224 1202 1348 1257 313);
1383 1218 1529 1258 neque
1560 1210 1754 1249 tractent
1783 1205 1837 1250 de
1869 1205 1995 1250 novis
2026 1205 2110 1250 eri-

540 1286 697 1341 gendis
716 1287 985 1331 missionarii
1003 1288 1055 1342 (1,
1073 1288 1186 1342 469).
1207 1288 1413 1342 Magnum
1436 1288 1683 1343 periculum
1707 1296 1827 1335 esset
1847 1290 1883 1335 si
1903 1290 2109 1346 multipli-

539 1379 749 1418 carentur
778 1379 1014 1427 antequam
1046 1373 1195 1419 idonei
1227 1375 1441 1429 praefecti
1473 1381 1516 1419 et
1545 1375 1745 1430 magistri
1778 1382 2016 1431 suppetant
2036 1378 2107 1431 (ll,

537 1459 633 1512 311,
657 1458 771 1513 312).

593 1545 640 1589 ln
664 1545 861 1600 collegiis
892 1545 1219 1601 adimpleantur
1241 1560 1355 1600 quae
1376 1552 1503 1601 parte
1527 1553 1683 1601 quarta
1705 1547 1853 1592 Const.
1879 1547 2113 1593 continen-

539 1638 610 1675 tur
629 1632 680 1686 (Ι,
705 1632 772 1676 62.
797 1633 848 1685 ΙΙ,
872 1632 1033 1686 24-32),
1059 1639 1103 1677 et
1123 1632 1207 1676 alia
1229 1633 1441 1677 nonnulla
1471 1632 1542 1687 (11,
1579 1633 1776 1688 160-162)
1809 1634 2110 1679 observentur

538 1718 667 1763 etiam
690 1717 735 1762 in
756 1718 906 1773 parvis
928 1718 1133 1773 Collegiis
1156 1718 1228 1773 (ΙΙ,
1256 1719 1366 1772 163).

593 1865 870 1920 COLLOQIA,
895 1865 988 1910 sive
1010 1865 1054 1909 in
1077 1866 1300 1910 communi
1332 1880 1432 1910 cum
1456 1866 1620 1912 nostris
1652 1867 1990 1921 consuetudine,
2016 1867 2109 1912 sive

539 1966 638 1995 cum
670 1952 880 2006 externis,
905 1951 992 1996 sint
1014 1958 1180 2007 sancta,
1203 1958 1251 1997 ut
1270 1952 1472 1997 homines
1489 1953 1725 2007 religiosos
1747 1953 1877 1998 decet
1898 1954 1950 2007 (Ι,
1973 1953 2071 2006 460)
2098 1968 2107 1997 :

542 2036 629 2082 vid.
654 2038 884 2082 Externus
905 2039 1055 2083 homo,

594 2185 900 2231 CONCORDIA
931 2200 1044 2241 quae
1066 2186 1295 2231 Societatis
1318 2192 1386 2231 est
1401 2186 1625 2231 vinculum
1648 2187 1699 2240 (I,
1724 2187 1794 2240 41)
1821 2201 1829 2230 :
1854 2186 1944 2231 vid.
1971 2187 2101 2232 Unio.

595 2324 950 2369 CONPESSARII
990 2324 1242 2368 animentur
1272 2324 1324 2368 ad
1357 2331 1443 2369 tam
1487 2330 1686 2368 sanctum
1719 2338 1769 2368 ac
1803 2323 2106 2369 necessarium

542 2409 835 2454 ministerium
859 2410 909 2463 (Ι,
936 2410 1047 2463 196).
1074 2409 1344 2464 Humilitate,
1367 2410 1582 2465 patientia
1604 2416 1647 2454 et
1677 2409 1859 2454 caritate
1880 2415 2111 2464 praestent

543 2497 594 2549 (Ι,
632 2496 713 2550 16),
746 2510 913 2550 eosque
944 2496 1084 2550 magis
1115 2495 1268 2540 iuvent
1299 2496 1372 2550 qui
1402 2496 1571 2540 maiore
1593 2495 1858 2540 necessitate
1890 2494 2109 2549 spirituali

543 2588 810 2638 premuntur
830 2582 880 2635 (Ι,
925 2582 1014 2625 112.
1052 2582 1113 2626 Cf.
1153 2582 1225 2637 111,
1262 2582 1375 2635 252).
1413 2582 1678 2636 Theologiae
1712 2581 1868 2626 morali
1906 2582 2111 2626 studeant

545 2667 631 2721 (IV.
655 2667 740 2719 60).

600 2753 756 2797 Curam
777 2752 1031 2797 monialium
1056 2767 1110 2797 ne
1133 2753 1377 2808 suscipiant
1396 2755 1488 2809 (Ill,
1510 2754 1602 2807 138,
1638 2753 1750 2808 139),
1782 2767 1864 2798 nec
1897 2753 2109 2798 claustra-

545 2840 609 2884 lcs
640 2845 825 2893 tantum,
849 2839 925 2883 sed
958 2853 1262 2894 quascumque
1293 2840 1336 2883 in
1369 2839 1590 2884 communi
1621 2839 1821 2884 viventes
1850 2854 1873 2883 a
1901 2838 2108 2883 tribunali

547 2939 626 2970 suo
649 2930 831 2969 arceant
850 2924 941 2977 (ΙΙΙ,
965 2924 1078 2977 287).

603 3009 663 3053 Ne
694 3009 769 3053 uni
801 3009 893 3053 sedi
930 3009 1085 3053 locove
1122 3010 1233 3053 affixi
1270 3016 1493 3064 maneant,
1526 3010 1756 3054 mittantur
1786 3010 1829 3053 in
1861 3008 1982 3053 varia
2011 3009 2107 3053 loca

546 3096 855 3140 fructilicatuni
877 3097 928 3150 (Ι,
954 3096 1047 3149 196,
1076 3097 1163 3139 107.
1189 3096 1249 3140 Cf.
1276 3096 1307 3149 Ι,
1326 3097 1422 3151 271,
1440 3097 1535 3150 272,
1559 3096 1654 3149 375,
1675 3096 1786 3150 468).
1814 3096 2109 3140 Promoveant

548 3182 711 3227 cultum
732 3183 828 3227 SSae
849 3182 1150 3227 Eucharistiae
1171 3183 1222 3236 (I,
1247 3182 1360 3237 337).
