2315 3559
399 228 465 265 DE
503 225 739 263 LITTERIS
778 224 1072 262 ENCYCLICIS
1112 225 1375 262 HUMANUM
1415 225 1582 263 GENL'S
1698 225 1715 240 ⁸⁴

1702 210 1729 263 Rs.)

1733 212 1765 263 :3

212 372 391 440 p.VlI.
409 389 454 424 c.
474 371 537 423 ll.
557 370 695 423 Decl.
715 368 800 435 D.)
827 368 959 430 Quid
986 385 1110 422 vero
1132 376 1241 421 tam
1263 369 1579 434 universale,
1604 386 1764 435 quam

216 470 516 524 remedium
543 468 734 522 afferre
757 469 916 532 maIO,
941 468 1083 534 quod
1115 475 1284 519 totum
1313 466 1557 533 pervadit
1583 467 1766 519 orbem

215 568 533 622 terrarum?
568 566 620 620 Si
659 583 882 633 operum
922 574 1102 618 nostra
1140 565 1207 617 sit
1243 565 1408 631 optio,
1451 565 1514 617 iis
1552 582 1769 631 operam

219 683 347 733 prae
374 665 563 718 ceteris
590 665 890 717 navandam
919 680 1031 715 esse
1059 670 1240 715 monet
1266 661 1315 715 S.
1349 662 1603 727 Ignatius,
1634 679 1771 728 quae

220 781 430 817 moram
474 780 581 816 non
625 762 918 829 patiuntur.
962 762 1019 813 ln
1058 761 1157 813 boc
1197 777 1321 813 vero
1369 760 1679 813 discrimine
1730 759 1772 811 si

217 871 551 929 cunctamur,
582 862 625 914 si
652 862 946 926 tardamus,
976 861 1263 913 utilitatem
1303 868 1354 913 et
1392 862 1622 912 fructum
1650 859 1776 912 affe-

220 960 388 1013 rimus
416 959 659 1012 hostibus
682 958 961 1024 Ecclesiae,
985 975 1199 1011 causam
1228 974 1348 1010 vero
1369 965 1608 1010 nostram
1631 974 1778 1009 ever-

219 1059 402 1111 timus,
456 1057 644 1112 Sancte
693 1074 751 1110 ac
801 1057 1068 1124 sapienter
1128 1073 1222 1108 nos
1273 1057 1459 1109 edocet
1519 1054 1567 1108 S.
1624 1055 1779 1107 Pater

220 1158 412 1210 Noster
423 1156 578 1224 (ibid.
605 1156 668 1223 E)
692 1174 702 1209 :
728 1173 865 1223 quae
887 1172 1047 1222 opera
1067 1156 1338 1208 securiora
1358 1162 1481 1208 sunt
1502 1154 1774 1219 tractanti,

222 1273 345 1308 cum
373 1263 556 1309 nostro
583 1255 906 1322 permissum
934 1262 1012 1307 est
1042 1254 1284 1319 arbitrio,
1315 1253 1379 1306 iis
1406 1252 1778 1319 anteponenda

224 1371 356 1421 esse,
387 1371 525 1421 quae
546 1354 599 1407 in
627 1353 925 1421 periculum
948 1369 1137 1406 vocare
1164 1359 1386 1419 possunt
1412 1368 1625 1404 morum
1648 1350 1782 1403 inte-

224 1452 496 1517 gritatem.
529 1453 639 1505 lam
673 1468 798 1504 vero
826 1451 952 1518 quid
983 1459 1091 1503 tam
1121 1467 1386 1516 securum,
1418 1457 1526 1502 tam
1555 1448 1777 1513 dignum

224 1551 407 1605 altaris
444 1551 710 1616 ministrO,
747 1558 856 1602 tam
901 1550 1134 1602 alienum
1179 1549 1244 1601 ab
1289 1548 1494 1601 abiecto
1539 1555 1591 1600 et
1633 1546 1781 1599 molli

228 1651 428 1718 animO,
459 1668 622 1718 quam
649 1667 771 1703 cum
800 1649 928 1702 viris
960 1665 1136 1714 agere,
1170 1648 1371 1713 labore,
1407 1645 1585 1700 studio
1624 1653 1675 1698 et
1705 1644 1784 1697 in-

227 1750 434 1804 dustria
460 1748 753 1803 immortali
782 1765 968 1802 eorum
997 1747 1136 1800 vitae
1162 1747 1438 1800 consulere
1463 1745 1487 1797 i?

295 1848 702 1916 Amplissimum
741 1864 884 1913 sane,
915 1848 1058 1913 quod
1092 1846 1146 1898 in
1179 1862 1275 1898 nos
1307 1844 1596 1909 confertur,
1626 1843 1786 1895 bene-

230 1949 412 2002 ficium
451 1955 547 2015 est,
578 1946 716 2000 tueri
753 1947 896 2013 leges
929 1953 1156 2010 nostraS,
1188 1943 1511 2010 vivendique
1537 1957 1784 1994 normam

231 2066 262 2101 a
299 2046 350 2100 S.
394 2046 617 2100 Parente
656 2053 838 2098 nostro
876 2043 1221 2097 constitutam
1260 2042 1525 2107 integram
1565 2040 1788 2093 inviola-

232 2156 452 2214 tamque
479 2162 708 2200 servare.
742 2144 982 2197 Profecto
1009 2142 1059 2196 S.
1092 2142 1247 2195 Pater
1283 2148 1482 2207 noster,
1513 2139 1556 2191 si
1591 2147 1790 2192 morta-

230 2248 337 2300 lem
364 2247 499 2299 hanc
532 2245 693 2298 vitam
727 2251 926 2309 ageret,
958 2243 1199 2308 regulam
1229 2238 1443 2293 vivendi
1471 2257 1500 2292 a
1527 2255 1581 2291 se
1609 2236 1791 2290 condi-

234 2354 364 2411 tam,
407 2343 688 2412 praesidiis
727 2341 977 2396 omnibus
1020 2348 1302 2394 tutaretur.
1351 2339 1497 2391 Hanc
1541 2337 1787 2402 eandem,

235 2462 399 2512 quam
427 2443 481 2496 in
508 2443 558 2496 S.
590 2442 817 2510 IgnatiO,
854 2440 1158 2508 experimur
1191 2439 1245 2491 in
1279 2436 1500 2491 Summo
1535 2435 1790 2489 Pontifice

237 2542 528 2611 propitiam
555 2543 899 2595 voluntatem.
931 2538 1024 2593 Cui
1044 2537 1397 2603 benefici0,ut
1417 2542 1496 2589 tot
1516 2534 1637 2601 alia,
1655 2550 1792 2600 quae

237 2641 623 2707 benignissime
661 2640 716 2693 in
754 2656 850 2692 nos
893 2639 1084 2691 collata
1128 2643 1268 2702 sunt,
1314 2643 1539 2699 taceam,
1586 2632 1792 2685 nullum

239 2741 492 2808 equidem
514 2738 686 2792 maius
713 2737 894 2791 animo
915 2744 966 2790 et
984 2734 1309 2800 cogitatione
1327 2733 1528 2798 fingere
1546 2747 1790 2798 possum;

240 2840 494 2906 idemque
527 2836 773 2903 sentient,
803 2835 895 2903 qui
933 2833 1215 2887 historiam
1250 2840 1487 2885 nostram
1528 2830 1604 2883 vel
1639 2828 1797 2881 mini-

242 2955 392 2991 mum
424 2935 728 2991 didicerint.
760 2935 924 3000 Leges
951 2932 1092 2986 enim
1121 2930 1259 2984 tueri
1286 2937 1494 2983 nostras
1521 2936 1599 2982 est
1634 2927 1795 2979 vitam

245 3036 382 3090 tueri
403 3043 661 3089 nostram.
694 3033 921 3098 Legibus
958 3031 1120 3084 vitam
1158 3038 1210 3083 et
1243 3028 1492 3096 spiritum
1530 3026 1792 3089 ducimus,

247 3143 300 3189 et
342 3152 502 3202 quem
542 3134 607 3186 ad
648 3133 869 3185 modum
899 3130 1006 3183 vita
1030 3129 1185 3182 bonis
1212 3127 1461 3181 omnibus
1489 3124 1798 3181 estantel'c-

1887 1951 2102 2049 ‘sklssssusli's

1901 2062 1941 2105 S.
1967 2061 2095 2104 Pater

1889 2116 2099 2169 Ignatius,

1874 2948 1988 3010 salus
2007 2954 2073 2991 est
2088 2960 2137 2989 ac

1868 3010 1955 3046 vna
1972 3008 2138 3046 nostra.
