<?xml version="1.0" encoding="UTF-8"?>
<!DOCTYPE html PUBLIC "-//W3C//DTD XHTML 1.0 Transitional//EN"
    "http://www.w3.org/TR/xhtml1/DTD/xhtml1-transitional.dtd">
<html xmlns="http://www.w3.org/1999/xhtml" xml:lang="en" lang="en">
 <head>
  <title>
</title>
<meta http-equiv="Content-Type" content="text/html;charset=utf-8" />
  <meta name='ocr-system' content='tesseract 3.04.00' />
  <meta name='ocr-capabilities' content='ocr_page ocr_carea ocr_par ocr_line ocrx_word'/>
</head>
<body>
  <div class='ocr_page' id='page_1' title='image "./epistolaepraepos04jesu_0449.png"; bbox 0 0 2315 3559; ppageno 0'>
   <div class='ocr_carea' id='block_1_1' title="bbox 765 220 1690 275">
    <p class='ocr_par' dir='ltr' id='par_1_1' title="bbox 765 220 1690 275">
     <span class='ocr_line' id='line_1_1' title="bbox 765 220 1690 275; baseline -0.002 0"><span class='ocrx_word' id='word_1_1' title='bbox 765 238 849 275; x_wconf 66' lang='grc' dir='ltr'>ΜΝ</span> <span class='ocrx_word' id='word_1_2' title='bbox 877 252 943 258; x_wconf 85' lang='lat'>—-</span> <span class='ocrx_word' id='word_1_3' title='bbox 970 237 1068 274; x_wconf 73' lang='lat' dir='ltr'>Fon</span> <span class='ocrx_word' id='word_1_4' title='bbox 1592 220 1690 274; x_wconf 76' lang='grc'>437</span> 
     </span>
    </p>
   </div>
   <div class='ocr_carea' id='block_1_2' title="bbox 128 378 1697 1885">
    <p class='ocr_par' dir='ltr' id='par_1_2' title="bbox 136 378 1694 948">
     <span class='ocr_line' id='line_1_2' title="bbox 192 378 1693 435; baseline -0.004 -7"><span class='ocrx_word' id='word_1_5' title='bbox 192 383 336 428; x_wconf 85' lang='lat' dir='ltr'>FINIS</span> <span class='ocrx_word' id='word_1_6' title='bbox 357 382 671 428; x_wconf 84' lang='lat' dir='ltr'>SOCIETATIS</span> <span class='ocrx_word' id='word_1_7' title='bbox 687 381 846 435; x_wconf 78' lang='lat' dir='ltr'>duplex</span> <span class='ocrx_word' id='word_1_8' title='bbox 864 387 931 424; x_wconf 89' lang='lat' dir='ltr'>est</span> <span class='ocrx_word' id='word_1_9' title='bbox 951 395 959 424; x_wconf 93' lang='lat'>:</span> <span class='ocrx_word' id='word_1_10' title='bbox 980 380 1106 424; x_wconf 80' lang='lat' dir='ltr'>saluti</span> <span class='ocrx_word' id='word_1_11' title='bbox 1125 393 1229 423; x_wconf 87' lang='lat' dir='ltr'>suae</span> <span class='ocrx_word' id='word_1_12' title='bbox 1247 385 1290 422; x_wconf 83' lang='lat' dir='ltr'>et</span> <span class='ocrx_word' id='word_1_13' title='bbox 1306 378 1568 432; x_wconf 81' lang='lat' dir='ltr'>perfectioni</span> <span class='ocrx_word' id='word_1_14' title='bbox 1590 393 1693 423; x_wconf 91' lang='lat' dir='ltr'>con-</span> 
     </span>
     <span class='ocr_line' id='line_1_3' title="bbox 139 463 1693 521; baseline -0.003 -9"><span class='ocrx_word' id='word_1_15' title='bbox 139 467 285 512; x_wconf 90' lang='lat' dir='ltr'>sulere</span> <span class='ocrx_word' id='word_1_16' title='bbox 315 467 530 521; x_wconf 88' lang='lat' dir='ltr'>primum;</span> <span class='ocrx_word' id='word_1_17' title='bbox 565 465 725 510; x_wconf 91' lang='lat' dir='ltr'>deinde</span> <span class='ocrx_word' id='word_1_18' title='bbox 753 465 1055 519; x_wconf 80' lang='lat' dir='ltr'>proximorum</span> <span class='ocrx_word' id='word_1_19' title='bbox 1089 463 1218 508; x_wconf 90' lang='lat' dir='ltr'>etiam</span> <span class='ocrx_word' id='word_1_20' title='bbox 1252 463 1436 507; x_wconf 87' lang='lat' dir='ltr'>salutem</span> <span class='ocrx_word' id='word_1_21' title='bbox 1459 468 1502 506; x_wconf 88' lang='lat' dir='ltr'>et</span> <span class='ocrx_word' id='word_1_22' title='bbox 1521 463 1693 517; x_wconf 84' lang='lat' dir='ltr'>perfec-</span> 
     </span>
     <span class='ocr_line' id='line_1_4' title="bbox 138 548 1692 606; baseline -0.003 -10"><span class='ocrx_word' id='word_1_23' title='bbox 138 553 302 597; x_wconf 90' lang='lat' dir='ltr'>tionem</span> <span class='ocrx_word' id='word_1_24' title='bbox 338 558 542 596; x_wconf 87' lang='lat' dir='ltr'>accurate</span> <span class='ocrx_word' id='word_1_25' title='bbox 575 564 843 606; x_wconf 88' lang='lat' dir='ltr'>promovere</span> <span class='ocrx_word' id='word_1_26' title='bbox 877 550 926 602; x_wconf 93' lang='grc' dir='ltr'>(Ι,</span> <span class='ocrx_word' id='word_1_27' title='bbox 957 549 1051 600; x_wconf 86' lang='grc'>248,</span> <span class='ocrx_word' id='word_1_28' title='bbox 1082 549 1176 600; x_wconf 94' lang='grc'>279,</span> <span class='ocrx_word' id='word_1_29' title='bbox 1211 548 1306 592; x_wconf 87' lang='lat'><strong>338.</strong></span> <span class='ocrx_word' id='word_1_30' title='bbox 1341 548 1413 598; x_wconf 90' lang='grc' dir='ltr'>ΙΙΙ,</span> <span class='ocrx_word' id='word_1_31' title='bbox 1440 548 1506 599; x_wconf 91' lang='grc'>59,</span> <span class='ocrx_word' id='word_1_32' title='bbox 1533 548 1618 601; x_wconf 83' lang='grc'>60),</span> <span class='ocrx_word' id='word_1_33' title='bbox 1639 548 1692 591; x_wconf 90' lang='lat' dir='ltr'>ad</span> 
     </span>
     <span class='ocr_line' id='line_1_5' title="bbox 136 632 1694 691; baseline -0.004 -9"><span class='ocrx_word' id='word_1_34' title='bbox 136 638 348 682; x_wconf 86' lang='lat' dir='ltr'>maiorem</span> <span class='ocrx_word' id='word_1_35' title='bbox 371 650 549 691; x_wconf 82' lang='lat' dir='ltr'>semper</span> <span class='ocrx_word' id='word_1_36' title='bbox 568 650 618 679; x_wconf 93' lang='lat' dir='ltr'>ac</span> <span class='ocrx_word' id='word_1_37' title='bbox 649 635 860 679; x_wconf 88' lang='lat' dir='ltr'>maiorem</span> <span class='ocrx_word' id='word_1_38' title='bbox 884 634 959 678; x_wconf 86' lang='lat' dir='ltr'>Dei</span> <span class='ocrx_word' id='word_1_39' title='bbox 982 634 1166 688; x_wconf 82' lang='lat' dir='ltr'>gloriam</span> <span class='ocrx_word' id='word_1_40' title='bbox 1188 633 1258 686; x_wconf 90' lang='grc' dir='ltr'>(ΙΙ,</span> <span class='ocrx_word' id='word_1_41' title='bbox 1279 632 1393 686; x_wconf 86' lang='grc'>320).</span> <span class='ocrx_word' id='word_1_42' title='bbox 1419 632 1512 685; x_wconf 90' lang='lat' dir='ltr'>Quo</span> <span class='ocrx_word' id='word_1_43' title='bbox 1543 632 1694 677; x_wconf 91' lang='lat' dir='ltr'>celsis-</span> 
     </span>
     <span class='ocr_line' id='line_1_6' title="bbox 139 717 1694 775; baseline -0.004 -8"><span class='ocrx_word' id='word_1_44' title='bbox 139 723 248 767; x_wconf 90' lang='lat' dir='ltr'>simo</span> <span class='ocrx_word' id='word_1_45' title='bbox 282 723 370 767; x_wconf 85' lang='lat' dir='ltr'>fine</span> <span class='ocrx_word' id='word_1_46' title='bbox 404 722 509 766; x_wconf 85' lang='lat' dir='ltr'>nihil</span> <span class='ocrx_word' id='word_1_47' title='bbox 548 720 825 775; x_wconf 82' lang='lat' dir='ltr'>expetibilius</span> <span class='ocrx_word' id='word_1_48' title='bbox 867 719 994 763; x_wconf 90' lang='lat' dir='ltr'>nobis</span> <span class='ocrx_word' id='word_1_49' title='bbox 1034 726 1166 773; x_wconf 86' lang='lat' dir='ltr'>atque</span> <span class='ocrx_word' id='word_1_50' title='bbox 1205 718 1434 762; x_wconf 79' lang='lat' dir='ltr'>amabilius</span> <span class='ocrx_word' id='word_1_51' title='bbox 1472 718 1543 771; x_wconf 91' lang='grc' dir='ltr'>(ΙΙ,</span> <span class='ocrx_word' id='word_1_52' title='bbox 1581 717 1694 770; x_wconf 89' lang='grc'>230),</span> 
     </span>
     <span class='ocr_line' id='line_1_7' title="bbox 137 803 1692 863; baseline -0.004 -10"><span class='ocrx_word' id='word_1_53' title='bbox 137 823 284 863; x_wconf 87' lang='lat' dir='ltr'>neque</span> <span class='ocrx_word' id='word_1_54' title='bbox 304 809 348 852; x_wconf 94' lang='lat' dir='ltr'>in</span> <span class='ocrx_word' id='word_1_55' title='bbox 368 807 619 852; x_wconf 87' lang='lat' dir='ltr'>hominibus</span> <span class='ocrx_word' id='word_1_56' title='bbox 640 820 786 860; x_wconf 89' lang='lat' dir='ltr'>neque</span> <span class='ocrx_word' id='word_1_57' title='bbox 807 806 850 849; x_wconf 95' lang='lat' dir='ltr'>in</span> <span class='ocrx_word' id='word_1_58' title='bbox 873 805 980 860; x_wconf 92' lang='lat' dir='ltr'>ipsis</span> <span class='ocrx_word' id='word_1_59' title='bbox 1002 804 1180 859; x_wconf 84' lang='lat' dir='ltr'>Angelis</span> <span class='ocrx_word' id='word_1_60' title='bbox 1203 803 1431 849; x_wconf 90' lang='lat' dir='ltr'>sublimius</span> <span class='ocrx_word' id='word_1_61' title='bbox 1455 803 1692 858; x_wconf 90' lang='lat' dir='ltr'>quicquam</span> 
     </span>
     <span class='ocr_line' id='line_1_8' title="bbox 137 892 641 948; baseline -0.012 -9"><span class='ocrx_word' id='word_1_62' title='bbox 137 894 327 939; x_wconf 90' lang='lat' dir='ltr'>inveniri</span> <span class='ocrx_word' id='word_1_63' title='bbox 346 898 494 948; x_wconf 88' lang='lat' dir='ltr'>potest</span> <span class='ocrx_word' id='word_1_64' title='bbox 513 892 563 946; x_wconf 85' lang='lat'><strong>(1,</strong></span> <span class='ocrx_word' id='word_1_65' title='bbox 583 892 641 946; x_wconf 88' lang='grc'>4).</span> 
     </span>
    </p>

    <p class='ocr_par' dir='ltr' id='par_1_3' title="bbox 128 975 1696 1717">
     <span class='ocr_line' id='line_1_9' title="bbox 192 975 1693 1033; baseline -0.004 -9"><span class='ocrx_word' id='word_1_66' title='bbox 192 980 341 1024; x_wconf 88' lang='lat' dir='ltr'>Potior</span> <span class='ocrx_word' id='word_1_67' title='bbox 362 979 436 1033; x_wconf 91' lang='lat' dir='ltr'>qui</span> <span class='ocrx_word' id='word_1_68' title='bbox 458 992 539 1022; x_wconf 89' lang='lat' dir='ltr'>nos</span> <span class='ocrx_word' id='word_1_69' title='bbox 561 983 731 1032; x_wconf 87' lang='lat' dir='ltr'>spectat</span> <span class='ocrx_word' id='word_1_70' title='bbox 751 984 841 1021; x_wconf 90' lang='lat' dir='ltr'>tum</span> <span class='ocrx_word' id='word_1_71' title='bbox 865 977 1020 1021; x_wconf 84' lang='lat' dir='ltr'>ordine</span> <span class='ocrx_word' id='word_1_72' title='bbox 1042 976 1251 1026; x_wconf 86' lang='lat' dir='ltr'>caritatis,</span> <span class='ocrx_word' id='word_1_73' title='bbox 1272 981 1363 1020; x_wconf 92' lang='lat' dir='ltr'>tum</span> <span class='ocrx_word' id='word_1_74' title='bbox 1397 975 1515 1029; x_wconf 90' lang='lat' dir='ltr'>quod</span> <span class='ocrx_word' id='word_1_75' title='bbox 1546 980 1693 1030; x_wconf 89' lang='lat' dir='ltr'>poste-</span> 
     </span>
     <span class='ocr_line' id='line_1_10' title="bbox 135 1060 1691 1120; baseline -0.005 -10"><span class='ocrx_word' id='word_1_76' title='bbox 135 1066 229 1110; x_wconf 83' lang='lat' dir='ltr'>rior</span> <span class='ocrx_word' id='word_1_77' title='bbox 247 1064 386 1120; x_wconf 87' lang='lat' dir='ltr'>priori</span> <span class='ocrx_word' id='word_1_78' title='bbox 409 1064 531 1119; x_wconf 86' lang='lat' dir='ltr'>quasi</span> <span class='ocrx_word' id='word_1_79' title='bbox 553 1063 839 1108; x_wconf 84' lang='lat' dir='ltr'>fundamento</span> <span class='ocrx_word' id='word_1_80' title='bbox 862 1062 1066 1106; x_wconf 84' lang='lat' dir='ltr'>fulciatur</span> <span class='ocrx_word' id='word_1_81' title='bbox 1087 1062 1137 1114; x_wconf 85' lang='lat'><strong>(1,</strong></span> <span class='ocrx_word' id='word_1_82' title='bbox 1151 1061 1246 1105; x_wconf 90' lang='grc'>248.</span> <span class='ocrx_word' id='word_1_83' title='bbox 1265 1061 1327 1105; x_wconf 87' lang='lat' dir='ltr'>Cf.</span> <span class='ocrx_word' id='word_1_84' title='bbox 1347 1060 1378 1111; x_wconf 91' lang='grc' dir='ltr'>Ι,</span> <span class='ocrx_word' id='word_1_85' title='bbox 1398 1060 1464 1111; x_wconf 87' lang='grc'>52,</span> <span class='ocrx_word' id='word_1_86' title='bbox 1486 1061 1557 1111; x_wconf 91' lang='lat' dir='ltr'>Ill,</span> <span class='ocrx_word' id='word_1_87' title='bbox 1579 1060 1691 1114; x_wconf 90' lang='grc'>164).</span> 
     </span>
     <span class='ocr_line' id='line_1_11' title="bbox 131 1145 1696 1204; baseline -0.004 -8"><span class='ocrx_word' id='word_1_88' title='bbox 131 1151 214 1196; x_wconf 89' lang='lat' dir='ltr'>Sed</span> <span class='ocrx_word' id='word_1_89' title='bbox 235 1151 342 1195; x_wconf 86' lang='lat' dir='ltr'>haec</span> <span class='ocrx_word' id='word_1_90' title='bbox 361 1164 463 1204; x_wconf 90' lang='lat' dir='ltr'>pars</span> <span class='ocrx_word' id='word_1_91' title='bbox 480 1149 608 1193; x_wconf 86' lang='lat' dir='ltr'>nohis</span> <span class='ocrx_word' id='word_1_92' title='bbox 630 1147 877 1193; x_wconf 89' lang='lat' dir='ltr'>communis</span> <span class='ocrx_word' id='word_1_93' title='bbox 895 1153 963 1191; x_wconf 88' lang='lat' dir='ltr'>est</span> <span class='ocrx_word' id='word_1_94' title='bbox 979 1161 1077 1191; x_wconf 91' lang='lat' dir='ltr'>cum</span> <span class='ocrx_word' id='word_1_95' title='bbox 1095 1146 1189 1190; x_wconf 89' lang='lat' dir='ltr'>aliis</span> <span class='ocrx_word' id='word_1_96' title='bbox 1208 1145 1455 1200; x_wconf 87' lang='lat' dir='ltr'>Religiosis,</span> <span class='ocrx_word' id='word_1_97' title='bbox 1471 1145 1696 1200; x_wconf 88' lang='lat' dir='ltr'>posterior</span> 
     </span>
     <span class='ocr_line' id='line_1_12' title="bbox 128 1231 1695 1290; baseline -0.004 -10"><span class='ocrx_word' id='word_1_98' title='bbox 128 1249 235 1281; x_wconf 89' lang='lat' dir='ltr'>vero</span> <span class='ocrx_word' id='word_1_99' title='bbox 256 1235 396 1290; x_wconf 90' lang='lat' dir='ltr'>magis</span> <span class='ocrx_word' id='word_1_100' title='bbox 417 1234 600 1290; x_wconf 87' lang='lat' dir='ltr'>propria</span> <span class='ocrx_word' id='word_1_101' title='bbox 622 1240 665 1278; x_wconf 89' lang='lat' dir='ltr'>et</span> <span class='ocrx_word' id='word_1_102' title='bbox 694 1233 932 1287; x_wconf 88' lang='lat' dir='ltr'>singularis</span> <span class='ocrx_word' id='word_1_103' title='bbox 961 1232 1031 1285; x_wconf 92' lang='grc' dir='ltr'>(ΙΙ,</span> <span class='ocrx_word' id='word_1_104' title='bbox 1051 1231 1149 1286; x_wconf 88' lang='grc'>234)</span> <span class='ocrx_word' id='word_1_105' title='bbox 1175 1246 1184 1275; x_wconf 90' lang='lat'>:</span> <span class='ocrx_word' id='word_1_106' title='bbox 1209 1231 1262 1275; x_wconf 87' lang='lat' dir='ltr'>ad</span> <span class='ocrx_word' id='word_1_107' title='bbox 1285 1245 1417 1285; x_wconf 91' lang='lat' dir='ltr'>quam</span> <span class='ocrx_word' id='word_1_108' title='bbox 1440 1231 1475 1276; x_wconf 92' lang='lat' dir='ltr'>si</span> <span class='ocrx_word' id='word_1_109' title='bbox 1497 1244 1586 1275; x_wconf 89' lang='lat' dir='ltr'>non</span> <span class='ocrx_word' id='word_1_110' title='bbox 1609 1231 1695 1275; x_wconf 84' lang='lat' dir='ltr'>ela-</span> 
     </span>
     <span class='ocr_line' id='line_1_13' title="bbox 130 1316 1695 1375; baseline -0.003 -9"><span class='ocrx_word' id='word_1_111' title='bbox 130 1322 354 1373; x_wconf 89' lang='lat' dir='ltr'>boremus,</span> <span class='ocrx_word' id='word_1_112' title='bbox 390 1334 446 1365; x_wconf 91' lang='lat' dir='ltr'>ne</span> <span class='ocrx_word' id='word_1_113' title='bbox 484 1319 667 1375; x_wconf 84' lang='lat' dir='ltr'>propria</span> <span class='ocrx_word' id='word_1_114' title='bbox 709 1319 886 1374; x_wconf 89' lang='lat' dir='ltr'>quidem</span> <span class='ocrx_word' id='word_1_115' title='bbox 928 1318 1044 1362; x_wconf 90' lang='lat' dir='ltr'>salus</span> <span class='ocrx_word' id='word_1_116' title='bbox 1085 1324 1129 1361; x_wconf 88' lang='lat' dir='ltr'>et</span> <span class='ocrx_word' id='word_1_117' title='bbox 1161 1316 1377 1372; x_wconf 85' lang='lat' dir='ltr'>perfectio</span> <span class='ocrx_word' id='word_1_118' title='bbox 1413 1316 1457 1360; x_wconf 91' lang='lat' dir='ltr'>in</span> <span class='ocrx_word' id='word_1_119' title='bbox 1494 1322 1586 1361; x_wconf 87' lang='lat' dir='ltr'>tuto</span> <span class='ocrx_word' id='word_1_120' title='bbox 1628 1322 1695 1361; x_wconf 90' lang='lat' dir='ltr'>est</span> 
     </span>
     <span class='ocr_line' id='line_1_14' title="bbox 134 1402 1695 1462; baseline -0.005 -10"><span class='ocrx_word' id='word_1_121' title='bbox 134 1409 206 1462; x_wconf 90' lang='grc' dir='ltr'>(ΙΙ,</span> <span class='ocrx_word' id='word_1_122' title='bbox 237 1406 350 1461; x_wconf 90' lang='grc'>235),</span> <span class='ocrx_word' id='word_1_123' title='bbox 380 1412 454 1451; x_wconf 88' lang='lat' dir='ltr'>aut</span> <span class='ocrx_word' id='word_1_124' title='bbox 481 1405 721 1449; x_wconf 88' lang='lat' dir='ltr'>indiscrete</span> <span class='ocrx_word' id='word_1_125' title='bbox 762 1404 985 1448; x_wconf 89' lang='lat' dir='ltr'>tradamus</span> <span class='ocrx_word' id='word_1_126' title='bbox 1018 1416 1112 1453; x_wconf 89' lang='lat' dir='ltr'>nos,</span> <span class='ocrx_word' id='word_1_127' title='bbox 1143 1402 1225 1445; x_wconf 85' lang='lat' dir='ltr'>alia</span> <span class='ocrx_word' id='word_1_128' title='bbox 1256 1407 1501 1456; x_wconf 87' lang='lat' dir='ltr'>sequentur</span> <span class='ocrx_word' id='word_1_129' title='bbox 1530 1402 1695 1445; x_wconf 92' lang='lat' dir='ltr'>incom-</span> 
     </span>
     <span class='ocr_line' id='line_1_15' title="bbox 135 1486 1694 1546; baseline -0.004 -9"><span class='ocrx_word' id='word_1_130' title='bbox 135 1493 266 1537; x_wconf 88' lang='lat' dir='ltr'>moda</span> <span class='ocrx_word' id='word_1_131' title='bbox 285 1492 356 1546; x_wconf 91' lang='grc' dir='ltr'>(ΙΙ,</span> <span class='ocrx_word' id='word_1_132' title='bbox 378 1492 470 1536; x_wconf 87' lang='grc'>171.</span> <span class='ocrx_word' id='word_1_133' title='bbox 494 1490 556 1535; x_wconf 80' lang='lat' dir='ltr'>Cf.</span> <span class='ocrx_word' id='word_1_134' title='bbox 580 1490 611 1541; x_wconf 93' lang='grc' dir='ltr'>Ι,</span> <span class='ocrx_word' id='word_1_135' title='bbox 630 1489 724 1541; x_wconf 87' lang='lat'><strong>207,</strong></span> <span class='ocrx_word' id='word_1_136' title='bbox 743 1489 838 1534; x_wconf 91' lang='lat'><strong>208.</strong></span> <span class='ocrx_word' id='word_1_137' title='bbox 864 1488 914 1539; x_wconf 93' lang='grc' dir='ltr'>ΙΙ,</span> <span class='ocrx_word' id='word_1_138' title='bbox 935 1487 1048 1541; x_wconf 85' lang='grc'>439).</span> <span class='ocrx_word' id='word_1_139' title='bbox 1073 1487 1226 1541; x_wconf 85' lang='lat' dir='ltr'>Neque</span> <span class='ocrx_word' id='word_1_140' title='bbox 1255 1486 1423 1531; x_wconf 90' lang='lat' dir='ltr'>alienae</span> <span class='ocrx_word' id='word_1_141' title='bbox 1446 1486 1573 1531; x_wconf 88' lang='lat' dir='ltr'>saluti</span> <span class='ocrx_word' id='word_1_142' title='bbox 1594 1492 1694 1541; x_wconf 88' lang='lat' dir='ltr'>apte</span> 
     </span>
     <span class='ocr_line' id='line_1_16' title="bbox 137 1571 1695 1632; baseline -0.005 -9"><span class='ocrx_word' id='word_1_143' title='bbox 137 1578 328 1623; x_wconf 89' lang='lat' dir='ltr'>consulit</span> <span class='ocrx_word' id='word_1_144' title='bbox 366 1577 440 1632; x_wconf 90' lang='lat' dir='ltr'>qui</span> <span class='ocrx_word' id='word_1_145' title='bbox 480 1591 603 1621; x_wconf 90' lang='lat' dir='ltr'>suam</span> <span class='ocrx_word' id='word_1_146' title='bbox 643 1575 851 1630; x_wconf 85' lang='lat' dir='ltr'>neglegit,</span> <span class='ocrx_word' id='word_1_147' title='bbox 890 1588 1036 1628; x_wconf 91' lang='lat' dir='ltr'>neque</span> <span class='ocrx_word' id='word_1_148' title='bbox 1074 1586 1246 1617; x_wconf 88' lang='lat' dir='ltr'>memor</span> <span class='ocrx_word' id='word_1_149' title='bbox 1274 1572 1358 1617; x_wconf 88' lang='lat' dir='ltr'>erit</span> <span class='ocrx_word' id='word_1_150' title='bbox 1396 1572 1580 1616; x_wconf 88' lang='lat' dir='ltr'>aliorum</span> <span class='ocrx_word' id='word_1_151' title='bbox 1621 1571 1695 1626; x_wconf 91' lang='lat' dir='ltr'>qui</span> 
     </span>
     <span class='ocr_line' id='line_1_17' title="bbox 138 1662 745 1717; baseline -0.007 -8"><span class='ocrx_word' id='word_1_152' title='bbox 138 1664 411 1710; x_wconf 84' lang='lat' dir='ltr'>obliviscitur</span> <span class='ocrx_word' id='word_1_153' title='bbox 432 1664 498 1708; x_wconf 92' lang='lat' dir='ltr'>sui</span> <span class='ocrx_word' id='word_1_154' title='bbox 520 1663 610 1717; x_wconf 89' lang='lat' dir='ltr'>(Ill,</span> <span class='ocrx_word' id='word_1_155' title='bbox 630 1662 745 1715; x_wconf 82' lang='lat'><strong>265).</strong></span> 
     </span>
    </p>

    <p class='ocr_par' dir='ltr' id='par_1_4' title="bbox 137 1743 1697 1885">
     <span class='ocr_line' id='line_1_18' title="bbox 191 1743 1696 1804; baseline -0.005 -9"><span class='ocrx_word' id='word_1_156' title='bbox 191 1751 256 1795; x_wconf 88' lang='lat' dir='ltr'>Ad</span> <span class='ocrx_word' id='word_1_157' title='bbox 286 1750 505 1804; x_wconf 78' lang='lat' dir='ltr'>duplicem</span> <span class='ocrx_word' id='word_1_158' title='bbox 534 1749 667 1793; x_wconf 86' lang='lat' dir='ltr'>finem</span> <span class='ocrx_word' id='word_1_159' title='bbox 697 1745 1061 1801; x_wconf 87' lang='lat' dir='ltr'>consequendum</span> <span class='ocrx_word' id='word_1_160' title='bbox 1092 1744 1353 1789; x_wconf 84' lang='lat' dir='ltr'>emittuntur</span> <span class='ocrx_word' id='word_1_161' title='bbox 1381 1749 1484 1788; x_wconf 90' lang='lat' dir='ltr'>vota</span> <span class='ocrx_word' id='word_1_162' title='bbox 1512 1743 1582 1797; x_wconf 90' lang='grc' dir='ltr'>(ΙΙ,</span> <span class='ocrx_word' id='word_1_163' title='bbox 1612 1743 1696 1797; x_wconf 90' lang='grc'>52),</span> 
     </span>
     <span class='ocr_line' id='line_1_19' title="bbox 137 1829 1697 1885; baseline -0.006 -3"><span class='ocrx_word' id='word_1_164' title='bbox 137 1843 181 1882; x_wconf 91' lang='lat' dir='ltr'>et</span> <span class='ocrx_word' id='word_1_165' title='bbox 200 1836 496 1881; x_wconf 87' lang='lat' dir='ltr'>communicat</span> <span class='ocrx_word' id='word_1_166' title='bbox 521 1833 753 1879; x_wconf 88' lang='lat' dir='ltr'>nobiscum</span> <span class='ocrx_word' id='word_1_167' title='bbox 785 1832 978 1877; x_wconf 87' lang='lat' dir='ltr'>Societas</span> <span class='ocrx_word' id='word_1_168' title='bbox 1006 1830 1151 1875; x_wconf 85' lang='lat' dir='ltr'>media</span> <span class='ocrx_word' id='word_1_169' title='bbox 1176 1829 1557 1885; x_wconf 86' lang='lat' dir='ltr'>praestantissima</span> <span class='ocrx_word' id='word_1_170' title='bbox 1581 1843 1697 1874; x_wconf 90' lang='lat' dir='ltr'>sum—</span> 
     </span>
    </p>
   </div>
   <div class='ocr_carea' id='block_1_3' title="bbox 134 1926 1698 2586">
    <p class='ocr_par' dir='ltr' id='par_1_5' title="bbox 134 1926 1698 2586">
     <span class='ocr_line' id='line_1_20' title="bbox 136 1926 1698 1989; baseline -0.006 -11"><span class='ocrx_word' id='word_1_171' title='bbox 136 1948 297 1989; x_wconf 88' lang='lat' dir='ltr'>meque</span> <span class='ocrx_word' id='word_1_172' title='bbox 328 1932 521 1977; x_wconf 88' lang='lat' dir='ltr'>efficacia</span> <span class='ocrx_word' id='word_1_173' title='bbox 549 1931 621 1986; x_wconf 86' lang='grc' dir='ltr'>(ΙΙ,</span> <span class='ocrx_word' id='word_1_174' title='bbox 653 1929 773 1983; x_wconf 86' lang='grc'>320);</span> <span class='ocrx_word' id='word_1_175' title='bbox 806 1929 923 1973; x_wconf 90' lang='lat' dir='ltr'>inter</span> <span class='ocrx_word' id='word_1_176' title='bbox 953 1942 1065 1982; x_wconf 90' lang='lat' dir='ltr'>quae</span> <span class='ocrx_word' id='word_1_177' title='bbox 1096 1927 1287 1982; x_wconf 89' lang='lat' dir='ltr'>primum</span> <span class='ocrx_word' id='word_1_178' title='bbox 1317 1927 1463 1971; x_wconf 89' lang='lat' dir='ltr'>locum</span> <span class='ocrx_word' id='word_1_179' title='bbox 1495 1926 1698 1970; x_wconf 87' lang='lat' dir='ltr'>obtinent</span> 
     </span>
     <span class='ocr_line' id='line_1_21' title="bbox 136 2012 1696 2073; baseline -0.007 -7"><span class='ocrx_word' id='word_1_180' title='bbox 136 2020 352 2066; x_wconf 83' lang='lat' dir='ltr'>Exercitia</span> <span class='ocrx_word' id='word_1_181' title='bbox 373 2017 614 2073; x_wconf 83' lang='lat' dir='ltr'>spiritualia</span> <span class='ocrx_word' id='word_1_182' title='bbox 634 2016 703 2070; x_wconf 90' lang='grc' dir='ltr'>(ΙΙ,</span> <span class='ocrx_word' id='word_1_183' title='bbox 723 2015 836 2070; x_wconf 88' lang='grc'>321).</span> <span class='ocrx_word' id='word_1_184' title='bbox 857 2015 934 2059; x_wconf 88' lang='lat' dir='ltr'>His</span> <span class='ocrx_word' id='word_1_185' title='bbox 962 2015 1079 2059; x_wconf 89' lang='lat' dir='ltr'>enim</span> <span class='ocrx_word' id='word_1_186' title='bbox 1109 2013 1321 2057; x_wconf 88' lang='lat' dir='ltr'>docemur</span> <span class='ocrx_word' id='word_1_187' title='bbox 1349 2027 1358 2056; x_wconf 77' lang='grc' dir='ltr'>ε</span> <span class='ocrx_word' id='word_1_188' title='bbox 1383 2012 1527 2056; x_wconf 91' lang='lat' dir='ltr'>Primo</span> <span class='ocrx_word' id='word_1_189' title='bbox 1550 2012 1696 2066; x_wconf 89' lang='lat' dir='ltr'>dispo-</span> 
     </span>
     <span class='ocr_line' id='line_1_22' title="bbox 138 2096 1695 2159; baseline -0.006 -9"><span class='ocrx_word' id='word_1_190' title='bbox 138 2120 246 2150; x_wconf 86' lang='lat' dir='ltr'>nere</span> <span class='ocrx_word' id='word_1_191' title='bbox 286 2119 367 2149; x_wconf 90' lang='lat' dir='ltr'>nos</span> <span class='ocrx_word' id='word_1_192' title='bbox 387 2118 471 2159; x_wconf 87' lang='lat' dir='ltr'>per</span> <span class='ocrx_word' id='word_1_193' title='bbox 490 2102 829 2156; x_wconf 83' lang='lat' dir='ltr'>abnegationem</span> <span class='ocrx_word' id='word_1_194' title='bbox 851 2100 904 2144; x_wconf 86' lang='lat' dir='ltr'>ad</span> <span class='ocrx_word' id='word_1_195' title='bbox 920 2099 1131 2144; x_wconf 89' lang='lat' dir='ltr'>unionem</span> <span class='ocrx_word' id='word_1_196' title='bbox 1149 2112 1249 2142; x_wconf 87' lang='lat' dir='ltr'>cum</span> <span class='ocrx_word' id='word_1_197' title='bbox 1266 2097 1356 2142; x_wconf 85' lang='lat' dir='ltr'>Deo</span> <span class='ocrx_word' id='word_1_198' title='bbox 1379 2097 1449 2150; x_wconf 92' lang='grc' dir='ltr'>(ΙΙ,</span> <span class='ocrx_word' id='word_1_199' title='bbox 1469 2096 1562 2147; x_wconf 89' lang='grc'>379,</span> <span class='ocrx_word' id='word_1_200' title='bbox 1583 2096 1695 2150; x_wconf 89' lang='grc'>380),</span> 
     </span>
     <span class='ocr_line' id='line_1_23' title="bbox 138 2182 1695 2246; baseline -0.007 -10"><span class='ocrx_word' id='word_1_201' title='bbox 138 2191 298 2246; x_wconf 91' lang='lat' dir='ltr'>quibus</span> <span class='ocrx_word' id='word_1_202' title='bbox 348 2189 509 2234; x_wconf 90' lang='lat' dir='ltr'>nullam</span> <span class='ocrx_word' id='word_1_203' title='bbox 558 2187 851 2232; x_wconf 87' lang='lat' dir='ltr'>efficaciorem</span> <span class='ocrx_word' id='word_1_204' title='bbox 899 2185 1112 2229; x_wconf 89' lang='lat' dir='ltr'>habemus</span> <span class='ocrx_word' id='word_1_205' title='bbox 1161 2183 1378 2227; x_wconf 88' lang='lat' dir='ltr'>rationem</span> <span class='ocrx_word' id='word_1_206' title='bbox 1427 2182 1695 2237; x_wconf 89' lang='lat' dir='ltr'>assequendi</span> 
     </span>
     <span class='ocr_line' id='line_1_24' title="bbox 134 2267 1697 2329; baseline -0.006 -8"><span class='ocrx_word' id='word_1_207' title='bbox 134 2276 232 2320; x_wconf 87' lang='lat' dir='ltr'>finis</span> <span class='ocrx_word' id='word_1_208' title='bbox 264 2275 404 2320; x_wconf 89' lang='lat' dir='ltr'>nostri</span> <span class='ocrx_word' id='word_1_209' title='bbox 434 2274 598 2329; x_wconf 88' lang='lat' dir='ltr'>prioris</span> <span class='ocrx_word' id='word_1_210' title='bbox 629 2274 678 2326; x_wconf 92' lang='grc' dir='ltr'>(Ι,</span> <span class='ocrx_word' id='word_1_211' title='bbox 708 2272 822 2325; x_wconf 88' lang='grc'>247).</span> <span class='ocrx_word' id='word_1_212' title='bbox 856 2270 1024 2315; x_wconf 87' lang='lat' dir='ltr'>Deinde</span> <span class='ocrx_word' id='word_1_213' title='bbox 1055 2270 1195 2313; x_wconf 91' lang='lat' dir='ltr'>zelum</span> <span class='ocrx_word' id='word_1_214' title='bbox 1227 2268 1419 2312; x_wconf 78' lang='lat' dir='ltr'>excitare</span> <span class='ocrx_word' id='word_1_215' title='bbox 1449 2269 1501 2321; x_wconf 90' lang='grc' dir='ltr'>(Ι,</span> <span class='ocrx_word' id='word_1_216' title='bbox 1524 2267 1622 2321; x_wconf 88' lang='grc'>281)</span> <span class='ocrx_word' id='word_1_217' title='bbox 1653 2274 1697 2312; x_wconf 90' lang='lat' dir='ltr'>et</span> 
     </span>
     <span class='ocr_line' id='line_1_25' title="bbox 136 2353 1697 2414; baseline -0.005 -9"><span class='ocrx_word' id='word_1_218' title='bbox 136 2375 257 2405; x_wconf 88' lang='lat' dir='ltr'>arma</span> <span class='ocrx_word' id='word_1_219' title='bbox 276 2359 583 2414; x_wconf 89' lang='lat' dir='ltr'>potentissima</span> <span class='ocrx_word' id='word_1_220' title='bbox 604 2357 813 2410; x_wconf 82' lang='lat' dir='ltr'>colligere</span> <span class='ocrx_word' id='word_1_221' title='bbox 834 2356 885 2409; x_wconf 89' lang='lat'>(1,</span> <span class='ocrx_word' id='word_1_222' title='bbox 911 2356 1000 2406; x_wconf 88' lang='grc'>147,</span> <span class='ocrx_word' id='word_1_223' title='bbox 1026 2355 1114 2398; x_wconf 90' lang='grc'>148.</span> <span class='ocrx_word' id='word_1_224' title='bbox 1135 2354 1185 2398; x_wconf 90' lang='grc' dir='ltr'>ΙΙ.</span> <span class='ocrx_word' id='word_1_225' title='bbox 1211 2354 1322 2407; x_wconf 89' lang='grc'>419),</span> <span class='ocrx_word' id='word_1_226' title='bbox 1340 2353 1500 2408; x_wconf 89' lang='lat' dir='ltr'>quibus</span> <span class='ocrx_word' id='word_1_227' title='bbox 1521 2360 1697 2397; x_wconf 87' lang='lat' dir='ltr'>utamur</span> 
     </span>
     <span class='ocr_line' id='line_1_26' title="bbox 137 2439 1692 2494; baseline -0.005 -3"><span class='ocrx_word' id='word_1_228' title='bbox 137 2447 182 2491; x_wconf 91' lang='lat' dir='ltr'>in</span> <span class='ocrx_word' id='word_1_229' title='bbox 211 2445 467 2490; x_wconf 90' lang='lat' dir='ltr'>ministeriis</span> <span class='ocrx_word' id='word_1_230' title='bbox 498 2444 662 2488; x_wconf 89' lang='lat' dir='ltr'>nostris</span> <span class='ocrx_word' id='word_1_231' title='bbox 692 2443 746 2487; x_wconf 87' lang='lat' dir='ltr'>ad</span> <span class='ocrx_word' id='word_1_232' title='bbox 776 2442 957 2486; x_wconf 85' lang='lat' dir='ltr'>alteram</span> <span class='ocrx_word' id='word_1_233' title='bbox 988 2440 1087 2484; x_wconf 87' lang='lat' dir='ltr'>finis</span> <span class='ocrx_word' id='word_1_234' title='bbox 1124 2446 1296 2494; x_wconf 88' lang='lat' dir='ltr'>partem</span> <span class='ocrx_word' id='word_1_235' title='bbox 1334 2439 1692 2494; x_wconf 82' lang='lat' dir='ltr'>consequendam</span> 
     </span>
     <span class='ocr_line' id='line_1_27' title="bbox 139 2527 1083 2586; baseline -0.006 -10"><span class='ocrx_word' id='word_1_236' title='bbox 139 2532 229 2586; x_wconf 91' lang='lat' dir='ltr'>(Ill,</span> <span class='ocrx_word' id='word_1_237' title='bbox 248 2531 362 2584; x_wconf 78' lang='lat'><strong>262).</strong></span> <span class='ocrx_word' id='word_1_238' title='bbox 386 2530 541 2575; x_wconf 86' lang='lat' dir='ltr'>Cetera</span> <span class='ocrx_word' id='word_1_239' title='bbox 562 2529 653 2573; x_wconf 81' lang='lat' dir='ltr'>vid.</span> <span class='ocrx_word' id='word_1_240' title='bbox 677 2528 916 2583; x_wconf 78' lang='lat' dir='ltr'>Perfectio,</span> <span class='ocrx_word' id='word_1_241' title='bbox 937 2527 1083 2571; x_wconf 84' lang='lat' dir='ltr'>zelus.</span> 
     </span>
    </p>
   </div>
   <div class='ocr_carea' id='block_1_4' title="bbox 140 2660 1698 3148">
    <p class='ocr_par' dir='ltr' id='par_1_6' title="bbox 140 2660 1698 3148">
     <span class='ocr_line' id='line_1_28' title="bbox 192 2660 1698 2720; baseline -0.008 -6"><span class='ocrx_word' id='word_1_242' title='bbox 192 2666 491 2720; x_wconf 79' lang='lat' dir='ltr'><strong>FORMATIO,</strong></span> <span class='ocrx_word' id='word_1_243' title='bbox 506 2679 591 2720; x_wconf 90' lang='lat' dir='ltr'>qua</span> <span class='ocrx_word' id='word_1_244' title='bbox 603 2665 745 2709; x_wconf 83' lang='lat' dir='ltr'>forma</span> <span class='ocrx_word' id='word_1_245' title='bbox 760 2664 832 2707; x_wconf 87' lang='lat' dir='ltr'>illa</span> <span class='ocrx_word' id='word_1_246' title='bbox 843 2661 1138 2707; x_wconf 87' lang='lat' dir='ltr'>introducitur</span> <span class='ocrx_word' id='word_1_247' title='bbox 1151 2660 1314 2704; x_wconf 87' lang='lat' dir='ltr'>nostris</span> <span class='ocrx_word' id='word_1_248' title='bbox 1332 2660 1456 2704; x_wconf 90' lang='lat' dir='ltr'>cuius</span> <span class='ocrx_word' id='word_1_249' title='bbox 1473 2660 1698 2714; x_wconf 81' lang='lat' dir='ltr'>exemplar</span> 
     </span>
     <span class='ocr_line' id='line_1_29' title="bbox 140 2746 1696 2801; baseline -0.006 -3"><span class='ocrx_word' id='word_1_250' title='bbox 140 2755 255 2798; x_wconf 77' lang='lat' dir='ltr'>lleus</span> <span class='ocrx_word' id='word_1_251' title='bbox 284 2754 330 2796; x_wconf 91' lang='lat' dir='ltr'>in</span> <span class='ocrx_word' id='word_1_252' title='bbox 360 2752 576 2797; x_wconf 88' lang='lat' dir='ltr'>Societate</span> <span class='ocrx_word' id='word_1_253' title='bbox 606 2749 925 2794; x_wconf 81' lang='lat' dir='ltr'>demonstravit</span> <span class='ocrx_word' id='word_1_254' title='bbox 953 2747 1003 2801; x_wconf 94' lang='grc' dir='ltr'>(Ι,</span> <span class='ocrx_word' id='word_1_255' title='bbox 1033 2747 1117 2800; x_wconf 87' lang='lat'><strong>96),</strong></span> <span class='ocrx_word' id='word_1_256' title='bbox 1147 2746 1232 2789; x_wconf 89' lang='lat' dir='ltr'>iam</span> <span class='ocrx_word' id='word_1_257' title='bbox 1265 2746 1441 2800; x_wconf 88' lang='lat' dir='ltr'>saepius</span> <span class='ocrx_word' id='word_1_258' title='bbox 1472 2759 1696 2790; x_wconf 89' lang='lat' dir='ltr'>commen-</span> 
     </span>
     <span class='ocr_line' id='line_1_30' title="bbox 141 2829 1697 2891; baseline -0.006 -9"><span class='ocrx_word' id='word_1_259' title='bbox 141 2838 255 2891; x_wconf 84' lang='lat' dir='ltr'>data,</span> <span class='ocrx_word' id='word_1_260' title='bbox 279 2837 356 2881; x_wconf 88' lang='lat' dir='ltr'>sed</span> <span class='ocrx_word' id='word_1_261' title='bbox 377 2834 725 2880; x_wconf 88' lang='lat' dir='ltr'>commendanda</span> <span class='ocrx_word' id='word_1_262' title='bbox 747 2834 905 2877; x_wconf 89' lang='lat' dir='ltr'>iterum</span> <span class='ocrx_word' id='word_1_263' title='bbox 925 2832 1017 2885; x_wconf 90' lang='grc' dir='ltr'>(ΙΙΙ,</span> <span class='ocrx_word' id='word_1_264' title='bbox 1043 2831 1136 2883; x_wconf 90' lang='grc'>148,</span> <span class='ocrx_word' id='word_1_265' title='bbox 1160 2829 1274 2883; x_wconf 85' lang='grc'>341),</span> <span class='ocrx_word' id='word_1_266' title='bbox 1297 2830 1422 2884; x_wconf 88' lang='lat' dir='ltr'>prius</span> <span class='ocrx_word' id='word_1_267' title='bbox 1442 2829 1697 2874; x_wconf 87' lang='lat' dir='ltr'>intendatur</span> 
     </span>
     <span class='ocr_line' id='line_1_31' title="bbox 140 2915 1696 2978; baseline -0.006 -10"><span class='ocrx_word' id='word_1_268' title='bbox 140 2924 377 2978; x_wconf 86' lang='lat' dir='ltr'>omnigena</span> <span class='ocrx_word' id='word_1_269' title='bbox 406 2936 536 2976; x_wconf 87' lang='lat' dir='ltr'>quam</span> <span class='ocrx_word' id='word_1_270' title='bbox 566 2920 826 2965; x_wconf 84' lang='lat' dir='ltr'>extendatur</span> <span class='ocrx_word' id='word_1_271' title='bbox 853 2919 1046 2963; x_wconf 89' lang='lat' dir='ltr'>Societas</span> <span class='ocrx_word' id='word_1_272' title='bbox 1067 2917 1138 2970; x_wconf 87' lang='grc' dir='ltr'>(ΙΙ,</span> <span class='ocrx_word' id='word_1_273' title='bbox 1162 2916 1256 2960; x_wconf 87' lang='grc'>313.</span> <span class='ocrx_word' id='word_1_274' title='bbox 1282 2916 1354 2969; x_wconf 90' lang='grc' dir='ltr'>ΙΙΙ,</span> <span class='ocrx_word' id='word_1_275' title='bbox 1380 2915 1473 2969; x_wconf 88' lang='grc'>152,</span> <span class='ocrx_word' id='word_1_276' title='bbox 1502 2915 1609 2969; x_wconf 86' lang='grc'>153),</span> <span class='ocrx_word' id='word_1_277' title='bbox 1642 2930 1696 2959; x_wconf 90' lang='lat' dir='ltr'>ne</span> 
     </span>
     <span class='ocr_line' id='line_1_32' title="bbox 142 3001 1693 3055; baseline -0.006 -1"><span class='ocrx_word' id='word_1_278' title='bbox 142 3010 195 3054; x_wconf 87' lang='lat' dir='ltr'>ad</span> <span class='ocrx_word' id='word_1_279' title='bbox 224 3023 410 3054; x_wconf 85' lang='lat' dir='ltr'>munera</span> <span class='ocrx_word' id='word_1_280' title='bbox 446 3007 736 3051; x_wconf 85' lang='lat' dir='ltr'>adhibeantur</span> <span class='ocrx_word' id='word_1_281' title='bbox 766 3005 904 3049; x_wconf 89' lang='lat' dir='ltr'>nostri</span> <span class='ocrx_word' id='word_1_282' title='bbox 937 3018 1025 3048; x_wconf 92' lang='lat' dir='ltr'>non</span> <span class='ocrx_word' id='word_1_283' title='bbox 1061 3002 1237 3047; x_wconf 86' lang='lat' dir='ltr'>formati</span> <span class='ocrx_word' id='word_1_284' title='bbox 1266 3002 1337 3055; x_wconf 85' lang='grc' dir='ltr'>(ΙΙ,</span> <span class='ocrx_word' id='word_1_285' title='bbox 1371 3001 1464 3052; x_wconf 91' lang='grc'>427,</span> <span class='ocrx_word' id='word_1_286' title='bbox 1494 3001 1588 3045; x_wconf 90' lang='grc'>428.</span> <span class='ocrx_word' id='word_1_287' title='bbox 1622 3001 1693 3055; x_wconf 90' lang='grc' dir='ltr'>ΙΙΙ,</span> 
     </span>
     <span class='ocr_line' id='line_1_33' title="bbox 144 3086 1695 3148; baseline -0.006 -9"><span class='ocrx_word' id='word_1_288' title='bbox 144 3095 237 3148; x_wconf 89' lang='grc'>150,</span> <span class='ocrx_word' id='word_1_289' title='bbox 262 3094 372 3147; x_wconf 91' lang='grc'>151),</span> <span class='ocrx_word' id='word_1_290' title='bbox 397 3107 447 3137; x_wconf 92' lang='lat' dir='ltr'>ac</span> <span class='ocrx_word' id='word_1_291' title='bbox 470 3092 504 3137; x_wconf 92' lang='lat' dir='ltr'>si</span> <span class='ocrx_word' id='word_1_292' title='bbox 525 3092 671 3135; x_wconf 90' lang='lat' dir='ltr'>minus</span> <span class='ocrx_word' id='word_1_293' title='bbox 694 3090 871 3134; x_wconf 89' lang='lat' dir='ltr'>nomine</span> <span class='ocrx_word' id='word_1_294' title='bbox 903 3090 1107 3141; x_wconf 87' lang='lat' dir='ltr'>fortasse,</span> <span class='ocrx_word' id='word_1_295' title='bbox 1141 3101 1190 3131; x_wconf 90' lang='lat' dir='ltr'>re</span> <span class='ocrx_word' id='word_1_296' title='bbox 1219 3093 1340 3131; x_wconf 89' lang='lat' dir='ltr'>certe</span> <span class='ocrx_word' id='word_1_297' title='bbox 1372 3086 1565 3130; x_wconf 89' lang='lat' dir='ltr'>Societas</span> <span class='ocrx_word' id='word_1_298' title='bbox 1598 3087 1695 3130; x_wconf 91' lang='lat' dir='ltr'>lesu</span> 
     </span>
    </p>
   </div>
   <div class='ocr_carea' id='block_1_5' title="bbox 144 3177 662 3233">
    <p class='ocr_par' dir='ltr' id='par_1_7' title="bbox 144 3177 662 3233">
     <span class='ocr_line' id='line_1_34' title="bbox 144 3177 662 3233; baseline -0.012 -7"><span class='ocrx_word' id='word_1_299' title='bbox 144 3195 242 3226; x_wconf 88' lang='lat' dir='ltr'>esse</span> <span class='ocrx_word' id='word_1_300' title='bbox 263 3180 436 3224; x_wconf 88' lang='lat' dir='ltr'>desinat</span> <span class='ocrx_word' id='word_1_301' title='bbox 454 3179 526 3233; x_wconf 87' lang='grc' dir='ltr'>(ΙΙ,</span> <span class='ocrx_word' id='word_1_302' title='bbox 550 3177 662 3228; x_wconf 89' lang='grc'>312).</span> 
     </span>
    </p>
   </div>
  </div>
 </body>
</html>
