2315 3559
837 246 934 284 pao
961 260 1027 266 —
1055 245 1154 282 PRU
1672 223 1773 278 473

273 393 680 444 PROVINCIALES,
702 391 754 435 ad
786 404 898 444 quos
927 390 1120 444 pertinet
1150 387 1378 441 dispositio
1408 399 1699 439 personarum
1731 391 1774 427 et

222 480 465 524 officiorum
488 492 600 532 quae
615 477 854 531 praecipua
871 476 1030 519 suntin
1048 473 1249 527 Collegiis
1271 486 1319 515 ac
1338 470 1539 514 domibus
1556 470 1627 523 (ΙΙ,
1644 470 1741 516 219)
1762 484 1770 512 :

221 570 510 618 promoveant
526 562 791 606 desiderium
823 567 866 604 et
892 560 1081 603 studium
1102 572 1252 603 rerum
1271 555 1560 610 spiritualium
1583 555 1653 605 (ΙΙ,
1684 554 1776 597 159-

227 650 334 701 164),
358 655 401 692 et
428 648 686 691 missionum
717 646 765 699 (I,
787 645 881 698 386,
905 644 999 689 387.
1033 645 1084 697 11,
1116 643 1210 693 353,
1243 642 1341 690 354)
1362 657 1370 685 :
1390 641 1480 686 vid.
1515 641 1773 689 Missiones,

221 736 463 779 formatio.

276 820 498 864 Tueautur
526 818 828 861 auctoritatem
860 816 1144 870 Superiorum
1179 813 1530 857 immediatorum
1562 812 1605 855 in
1630 810 1778 855 subdi-

222 913 289 950 tos
319 906 389 958 (ΙΙ,
421 904 534 958 213),
566 904 624 947 ita
653 910 799 947 tamen
830 909 877 946 ut
911 908 1084 945 constet
1118 914 1250 955 posse
1286 913 1440 943 omnes
1474 898 1527 941 ad
1563 897 1777 941 mediatos

221 1004 455 1035 recurrere
485 990 556 1043 (ΙΙ,
589 989 701 1039 214).
736 988 977 1042 Diligenter
1006 987 1235 1030 instituant
1255 984 1526 1028 visitationes
1544 983 1775 1026 domorum

222 1077 292 1130 (ΙΙ,
311 1076 424 1129 220),
444 1090 523 1119 uec
546 1075 791 1119 habeantur
813 1088 966 1118 omnes
989 1072 1263 1116 subditorum
1286 1070 1494 1124 querelae
1525 1082 1606 1122 pro
1638 1074 1778 1112 tenta-

223 1161 414 1205 tionibus
444 1161 495 1213 (1,
537 1161 644 1213 191),
677 1160 983 1212 rationemque
1022 1158 1209 1201 reddant
1243 1157 1297 1200 de
1328 1155 1512 1199 visitatis
1548 1154 1778 1198 domiciliis

225 1247 478 1300 Praeposito
497 1245 691 1299 generali
709 1244 778 1296 (ΙΙ,
811 1243 898 1296 163,
927 1243 1036 1292 164).

276 1331 439 1375 Curent
471 1338 518 1374 ut
553 1330 854 1373 ordinationes
890 1329 1027 1372 Roma
1060 1327 1221 1371 missae
1257 1326 1349 1370 aliis
1385 1325 1697 1379 Superioribus
1737 1331 1780 1369 et

222 1416 554 1460 Consultoribus
576 1415 832 1458 manifestae
854 1414 958 1456 fiant
988 1413 1037 1465 (l.
1068 1412 1174 1465 199).
1207 1411 1485 1465 Tempestive
1516 1411 1781 1454 admoneant

228 1501 526 1555 Praepositum
545 1499 797 1553 generalem
815 1499 868 1542 de
889 1497 1204 1552 promovendis
1226 1497 1278 1540 ad
1296 1497 1495 1550 gradum,
1519 1496 1780 1548 mittantque

223 1587 556 1630 informationes
577 1586 628 1638 (Ι,
649 1585 760 1637 198),
778 1586 822 1628 111
841 1584 1000 1638 quibus
1022 1591 1179 1627 curent
1207 1583 1458 1626 fidelitatem
1489 1582 1560 1635 (ΙΙ,
1589 1581 1781 1634 129-157)

225 1672 424 1725 apprime
459 1670 754 1714 necessariam
783 1669 858 1712 ubi
889 1668 1106 1711 candidati
1147 1668 1200 1711 ad
1235 1668 1435 1721 regimen
1469 1672 1783 1721 proponuntur

225 1758 294 1811 (ΙΙ,
323 1757 536 1809 223-225).
561 1757 667 1800 Item
691 1762 844 1799 notent
875 1755 1071 1808 singulos
1100 1755 1335 1808 quotannis
1367 1753 1441 1807 qui
1473 1753 1781 1797 exercitiorum

225 1857 412 1898 pensum
430 1842 659 1886 omiserint
674 1841 724 1894 (Ι,
744 1842 856 1894 441).
883 1841 1035 1884 Cetera
1054 1840 1143 1883 vid.
1169 1840 1449 1895 Superiores·

280 1980 661 2026 PROVINCIALIS
685 1979 937 2023 SPIRITUS
955 1978 1024 2031 (ΙΙ,
1055 1978 1147 2030 105)
1168 1993 1176 2021 ;
1198 1977 1286 2021 vid.
1306 1978 1561 2022 Nationalis
1577 1977 1782 2032 spiritus.

281 2106 565 2151 PROXIMUS
587 2105 935 2149 considerandus
956 2111 1178 2157 tamquam
1199 2103 1343 2156 imago
1363 2103 1578 2156 quaedem
1600 2103 1668 2146 SS.
1694 2102 1785 2146 Tri-

228 2192 374 2235 nitatis
395 2192 445 2244 (Ι,
469 2191 527 2245 2),
550 2191 799 2234 membrum
816 2190 913 2233 Iesu
935 2188 1175 2240 Christi(ll‚
1199 2188 1291 2240 110)
1313 2194 1354 2231 61
1372 2187 1581 2240 templum
1598 2187 1784 2240 Spiritus

229 2277 367 2320 sancti
389 2277 439 2329 (1,
468 2277 532 2329 10)
559 2291 566 2319 ;
594 2275 680 2319 rid.
706 2277 896 2328 Caritas,
917 2274 1119 2327 Externi,
1146 2274 1268 2317 Finis
1290 2273 1547 2318 societatis.

283 2412 600 2456 PRUDENTIA
636 2425 714 2454 sua
753 2411 890 2464 ipsius
930 2410 1109 2453 minime
1148 2409 1285 2453 fidere
1315 2422 1419 2452 vere
1453 2408 1684 2462 prudentis
1720 2414 1786 2452 est

229 2498 279 2549 (Ι,
304 2497 388 2550 39).
422 2496 569 2539 Altera
599 2502 664 2539 est
693 2510 815 2538 mere
846 2496 1035 2538 humana
1065 2495 1116 2547 (Ι,
1150 2493 1246 2546 103)
1277 2493 1345 2536 vel
1376 2493 1521 2537 carnis
1550 2493 1787 2546 prudentia

227 2583 298 2635 (ΙΙ,
322 2582 429 2635 173),
450 2595 562 2634 quae
584 2595 671 2624 non
693 2580 907 2633 intellegit
924 2580 1026 2633 quid
1044 2580 1185 2633 possit
1200 2579 1277 2622 Dei
1295 2579 1434 2632 gratia
1449 2578 1498 2631 (Ι,
1514 2578 1581 2622 95.
1602 2578 1672 2630 ΙΙΙ,
1698 2578 1783 2631 79),

233 2682 311 2711 nec
335 2668 657 2711 incrementum
689 2666 793 2709 dare
823 2672 970 2719 potest
990 2665 1080 2719 (ΙΙΙ,
1109 2665 1216 2718 164),
1251 2665 1327 2708 sed
1358 2671 1499 2708 mater
1526 2670 1593 2708 est
1611 2664 1786 2717 pusilla-

233 2754 440 2797 nimitatis
462 2753 511 2805 (Ι,
537 2753 601 2796 77.
629 2752 679 2803 ΙΙ,
714 2751 809 2805 174)
843 2765 854 2794 .·
886 2752 993 2794 haec
1024 2751 1201 2794 vitanda
1230 2757 1273 2794 et
1302 2751 1346 2793 in
1377 2750 1610 2793 adversum
1641 2750 1788 2804 potius

232 2838 501 2882 tendendum
526 2837 729 2881 omnibus
751 2837 802 2890 (I,
825 2837 922 2889 381)
947 2851 955 2879 :
980 2836 1070 2879 vicl.
1089 2836 1292 2881 politica.

288 2924 448 2975 Altera,
473 2936 585 2975 quae
608 2921 849 2965 secundum
873 2921 1008 2964 Deum
1031 2927 1098 2964 est
1117 2921 1167 2973 (1,
1193 2920 1289 2974 105)
1312 2927 1354 2964 61
1374 2934 1461 2964 una
1482 2934 1532 2964 ex
1554 2919 1788 2964 virtutibus

234 3008 545 3061 cardinalibus,
571 3007 729 3060 quibus
747 3006 894 3050 utilius
917 3006 1018 3050 nihil
1051 3013 1118 3050 est
1146 3007 1191 3049 in
1221 3006 1309 3049 vita
1328 3005 1579 3049 hominibus
1600 3005 1652 3058 (1,
1675 3005 1788 3059 311),

235 3093 568 3137 commendatur
587 3093 897 3146 Superioribus
919 3092 968 3145 (1,
998 3092 1105 3146 106),
1135 3091 1512 3136 contionatoribus
1543 3091 1593 3144 (Ι,
1618 3091 1715 3145 356)
1745 3097 1788 3136 61

234 3179 328 3223 aliis
350 3178 553 3223 omnibus
574 3178 645 3232 (11,
668 3176 883 3232 437-439).
