2315 3559
248 244 314 282 DE
354 243 623 283 PERICULIS
662 244 951 282 TEMPORUM
991 244 1306 283 NOSTRORUM
1347 244 1598 283 CAVENDIS
1634 230 1726 285 331

249 389 306 441 In
352 389 491 442 hunc
530 388 692 442 finem
731 387 920 442 Beatus
960 388 1284 454 Baldinucci,
1333 396 1452 455 post
1495 397 1733 442 exactum

181 487 471 541 iuventutis
507 489 693 540 florem
735 486 873 540 mira
913 487 1050 540 vitae
1094 486 1399 552 integritate
1443 504 1501 540 ac
1547 487 1738 540 sancti-

181 585 380 651 monia,
419 594 704 653 postquam
745 585 893 639 domi
929 585 1169 639 absoluta
1206 592 1510 639 nostrarum
1557 586 1735 651 legum

180 684 422 738 custodia
472 702 586 738 sese
658 685 953 751 perfectum
1039 683 1321 751 religiosae
1394 683 1736 751 perfectionis

180 784 448 851 exemplar
490 782 680 837 ceteris
718 783 1056 851 praebuerat,
1106 782 1269 837 sacris
1309 782 1736 850 expeditionibus

179 899 233 936 se
260 889 433 936 totum
460 881 664 936 addixit
690 889 741 935 et
762 898 978 936 omnem
1006 881 1145 936 vitae
1168 882 1430 936 rationem
1453 882 1737 950 oppidanis

179 989 230 1036 et
256 980 501 1035 ruricolis
528 980 828 1035 excolendis
865 981 1109 1047 devovit;
1141 999 1235 1035 nec
1270 989 1448 1036 tamen
1475 999 1735 1049 umquam

179 1080 245 1134 ab
276 1080 509 1134 Instituti
549 1080 717 1134 nostri
745 1080 1091 1149 praescriptis
1125 1082 1205 1134 vel
1234 1098 1471 1148 unguem
1499 1080 1733 1147 recessit,

180 1196 312 1232 vana
372 1186 619 1232 causatus
694 1178 1101 1246 impedimenta,
1167 1187 1259 1233 aut
1324 1196 1414 1246 spe
1483 1180 1737 1248 deceptus

179 1277 398 1331 maioris
438 1279 658 1331 fructus.
702 1278 874 1332 Immo
916 1295 1059 1345 vero,
1107 1295 1215 1346 quo
1254 1277 1420 1332 tutius
1460 1278 1736 1333 daemonis

177 1376 398 1431 insidias
443 1377 700 1444 eluderet,
743 1377 1115 1445 maioremque
1160 1377 1268 1431 suis
1313 1377 1585 1431 laboribus
1630 1379 1739 1432 effi-

176 1475 377 1530 caciam
400 1494 429 1530 a
450 1476 556 1530 Deo
583 1476 915 1544 impetraret,
947 1494 1044 1544 per
1070 1493 1236 1530 annos
1265 1476 1495 1545 amplius
1524 1476 1734 1543 viginti,

149 1575 373 1642 quibus
442 1591 591 1628 sacro
648 1575 749 1627 boc
811 1574 1111 1629 ministerio
1175 1575 1385 1628 functus
1443 1582 1539 1642 est,
1604 1575 1738 1629 nihil

177 1675 291 1730 sine
318 1675 657 1743 superiorum
698 1675 922 1730 consilio
950 1683 1002 1729 et
1028 1676 1192 1729 ductu
1224 1675 1564 1744 moliebatur,
1595 1695 1625 1730 a
1656 1677 1739 1731 sui

176 1774 396 1843 spiritus
441 1775 798 1829 moderatoris
839 1783 973 1830 nutu
1002 1775 1056 1828 in
1084 1775 1334 1829 omnibus
1373 1776 1658 1845 pendebat,
1689 1785 1741 1831 et

177 1875 388 1942 regulas
438 1882 666 1941 nostras,
726 1874 888 1928 etiarn
946 1874 1219 1942 minimaS‚
1261 1893 1368 1929 non
1420 1877 1581 1930 modo
1632 1894 1739 1944 quo

177 1981 420 2041 tempore
468 1974 535 2027 ad
580 1972 924 2040 integrandas
979 1973 1117 2028 vvires
1171 1992 1285 2028 sese
1335 1974 1558 2029 domum
1611 1975 1742 2029 reci-

176 2072 372 2140 piebat,
404 2072 492 2127 sed
530 2072 691 2127 etiam
728 2090 849 2127 cum
883 2073 1080 2141 oppida
1107 2091 1382 2142 pagosque
1410 2083 1737 2142 peragraret,

176 2189 388 2226 summa
467 2189 680 2240 semper
764 2172 1026 2239 religione
1103 2173 1355 2240 servavit,
1437 2173 1740 2228 incredibili

176 2271 597 2326 domesticorum
643 2278 694 2325 et
738 2271 1034 2325 alienorum
1087 2271 1462 2326 admiratione.

246 2370 303 2423 In
345 2370 486 2423 hunc
526 2369 759 2437 denique
804 2370 967 2424 finem
1020 2370 1209 2425 Beatus
1259 2371 1530 2439 RealinUS,
1573 2379 1739 2426 totam

178 2471 287 2523 fere
316 2468 481 2523 vitam
510 2468 818 2523 domesticis
847 2469 1081 2523 inclusus
1120 2469 1414 2538 parietibus
1442 2470 1496 2524 in
1524 2471 1739 2539 lyciensi

175 2567 420 2635 collegio,
476 2567 588 2622 sive
639 2567 801 2622 sacris
854 2569 1242 2637 ministrandiS,
1296 2570 1409 2624 sive
1458 2570 1608 2625 verbi
1646 2571 1739 2625 Dei

178 2666 596 2735 praedicatione,
623 2666 734 2721 sive
755 2668 997 2722 doctrina
1026 2676 1076 2722 et
1101 2669 1345 2736 consiliO,
1370 2670 1481 2724 sive
1503 2670 1737 2724 solandis

179 2766 372 2834 aegriS,
416 2767 527 2820 sive
571 2766 888 2834 corporibus
933 2767 1199 2835 iuvandiS,
1248 2769 1447 2823 mirum
1492 2777 1570 2824 est
1607 2778 1739 2837 quot

179 2864 396 2919 iniverit
438 2865 733 2919 industriae
772 2866 980 2933 modOS,
1031 2867 1225 2934 quibus
1271 2869 1337 2923 ad
1382 2869 1548 2922 Deum
1588 2869 1738 2922 aber-

178 2972 355 3019 rantes
383 2972 675 3031 revocaret,
700 2965 937 3019 labantes
965 2966 1328 3033 confirmaret,
1359 2967 1475 3035 pios
1503 2967 1735 3035 denique

179 3064 245 3118 ad
274 3081 489 3119 omnem
513 3063 651 3118 vitae
679 3064 1014 3119 sanctitatem
1043 3067 1293 3121 excitaret
1313 3085 1370 3120 ac
1394 3067 1730 3135 proveheret.

182 3163 451 3228 Quaenam
491 3163 571 3218 illi
608 3181 888 3232 umquam,
918 3182 1024 3218 non
1056 3165 1230 3220 dicam
1260 3166 1384 3233 otia,
1415 3166 1504 3220 sed
1545 3166 1739 3221 solacia

1852 395 2029 439 Antonii

1807 450 2074 503 Baldinucci‚

1804 2383 1847 2421 et
1863 2376 2096 2420 Benardini

1855 2432 2034 2475 Realino

1818 2485 2071 2530 imitandom

1802 2540 2080 2595 proponitur.
