<?xml version="1.0" encoding="UTF-8"?>
<!DOCTYPE html PUBLIC "-//W3C//DTD XHTML 1.0 Transitional//EN"
    "http://www.w3.org/TR/xhtml1/DTD/xhtml1-transitional.dtd">
<html xmlns="http://www.w3.org/1999/xhtml" xml:lang="en" lang="en">
 <head>
  <title>
</title>
<meta http-equiv="Content-Type" content="text/html;charset=utf-8" />
  <meta name='ocr-system' content='tesseract 3.04.00' />
  <meta name='ocr-capabilities' content='ocr_page ocr_carea ocr_par ocr_line ocrx_word'/>
</head>
<body>
  <div class='ocr_page' id='page_1' title='image "./epistolaepraepos04jesu_0353.png"; bbox 0 0 2315 3559; ppageno 0'>
   <div class='ocr_carea' id='block_1_1' title="bbox 507 231 1674 286">
    <p class='ocr_par' dir='ltr' id='par_1_1' title="bbox 507 231 1674 286">
     <span class='ocr_line' id='line_1_1' title="bbox 507 231 1674 286; baseline 0.002 -2"><span class='ocrx_word' id='word_1_1' title='bbox 507 247 667 285; x_wconf 83' lang='lat' dir='ltr'>MORBI</span> <span class='ocrx_word' id='word_1_2' title='bbox 706 246 789 285; x_wconf 81' lang='lat' dir='ltr'>sm</span> <span class='ocrx_word' id='word_1_3' title='bbox 829 245 1113 284; x_wconf 81' lang='lat' dir='ltr'><strong>OCCASIONE</strong></span> <span class='ocrx_word' id='word_1_4' title='bbox 1154 246 1305 284; x_wconf 75' lang='lat' dir='ltr'>MlssA</span> <span class='ocrx_word' id='word_1_5' title='bbox 1581 231 1674 286; x_wconf 73' lang='lat'>341</span> 
     </span>
    </p>
   </div>
   <div class='ocr_carea' id='block_1_2' title="bbox 126 391 1687 1740">
    <p class='ocr_par' dir='ltr' id='par_1_2' title="bbox 126 391 1687 1551">
     <span class='ocr_line' id='line_1_2' title="bbox 129 391 1682 461; baseline -0.001 -13"><span class='ocrx_word' id='word_1_6' title='bbox 129 394 192 448; x_wconf 91' lang='lat' dir='ltr'>ad</span> <span class='ocrx_word' id='word_1_7' title='bbox 217 393 373 448; x_wconf 89' lang='lat' dir='ltr'>fortia</span> <span class='ocrx_word' id='word_1_8' title='bbox 397 409 641 461; x_wconf 89' lang='lat' dir='ltr'>quaeque</span> <span class='ocrx_word' id='word_1_9' title='bbox 665 391 904 446; x_wconf 80' lang='lat' dir='ltr'>facienda</span> <span class='ocrx_word' id='word_1_10' title='bbox 925 399 976 445; x_wconf 84' lang='lat' dir='ltr'>et</span> <span class='ocrx_word' id='word_1_11' title='bbox 996 391 1262 459; x_wconf 81' lang='lat' dir='ltr'>patienda,</span> <span class='ocrx_word' id='word_1_12' title='bbox 1280 408 1419 459; x_wconf 90' lang='lat' dir='ltr'>quae</span> <span class='ocrx_word' id='word_1_13' title='bbox 1439 393 1682 447; x_wconf 82' lang='lat' dir='ltr'>conferre</span> 
     </span>
     <span class='ocr_line' id='line_1_3' title="bbox 128 491 1684 561; baseline -0.001 -14"><span class='ocrx_word' id='word_1_14' title='bbox 128 493 336 561; x_wconf 78' lang='lat' dir='ltr'>possint</span> <span class='ocrx_word' id='word_1_15' title='bbox 370 493 435 546; x_wconf 93' lang='lat' dir='ltr'>ad</span> <span class='ocrx_word' id='word_1_16' title='bbox 475 500 748 546; x_wconf 77' lang='lat' dir='ltr'><strong>aeternam</strong></span> <span class='ocrx_word' id='word_1_17' title='bbox 788 491 1158 559; x_wconf 88' lang='lat' dir='ltr'>proximorum</span> <span class='ocrx_word' id='word_1_18' title='bbox 1198 492 1423 545; x_wconf 86' lang='lat' dir='ltr'>salutem</span> <span class='ocrx_word' id='word_1_19' title='bbox 1469 509 1684 559; x_wconf 90' lang='lat' dir='ltr'>promo-</span> 
     </span>
     <span class='ocr_line' id='line_1_4' title="bbox 129 589 1680 659; baseline -0.002 -12"><span class='ocrx_word' id='word_1_20' title='bbox 129 594 377 659; x_wconf 81' lang='lat' dir='ltr'>vendam,</span> <span class='ocrx_word' id='word_1_21' title='bbox 402 592 467 645; x_wconf 91' lang='lat' dir='ltr'>ad</span> <span class='ocrx_word' id='word_1_22' title='bbox 497 590 760 645; x_wconf 78' lang='lat' dir='ltr'>Ecclesiae</span> <span class='ocrx_word' id='word_1_23' title='bbox 787 591 1079 644; x_wconf 76' lang='lat' dir='ltr'>catholicae</span> <span class='ocrx_word' id='word_1_24' title='bbox 1108 590 1239 644; x_wconf 88' lang='lat' dir='ltr'>fines</span> <span class='ocrx_word' id='word_1_25' title='bbox 1268 589 1590 657; x_wconf 79' lang='lat' dir='ltr'>dilatandOS,</span> <span class='ocrx_word' id='word_1_26' title='bbox 1615 591 1680 644; x_wconf 89' lang='lat' dir='ltr'>ad</span> 
     </span>
     <span class='ocr_line' id='line_1_5' title="bbox 128 689 1681 759; baseline -0.002 -13"><span class='ocrx_word' id='word_1_27' title='bbox 128 692 277 746; x_wconf 87' lang='lat' dir='ltr'>Sedis</span> <span class='ocrx_word' id='word_1_28' title='bbox 303 690 636 759; x_wconf 81' lang='lat' dir='ltr'>Apostolicae</span> <span class='ocrx_word' id='word_1_29' title='bbox 657 689 1030 744; x_wconf 78' lang='lat' dir='ltr'>auctoritatem</span> <span class='ocrx_word' id='word_1_30' title='bbox 1053 696 1268 744; x_wconf 84' lang='lat' dir='ltr'>strenue</span> <span class='ocrx_word' id='word_1_31' title='bbox 1288 690 1590 756; x_wconf 82' lang='lat' dir='ltr'>tutandam,</span> <span class='ocrx_word' id='word_1_32' title='bbox 1616 690 1681 743; x_wconf 90' lang='lat' dir='ltr'>ad</span> 
     </span>
     <span class='ocr_line' id='line_1_6' title="bbox 127 788 1683 856; baseline -0.003 -10"><span class='ocrx_word' id='word_1_33' title='bbox 127 791 219 846; x_wconf 91' lang='lat' dir='ltr'>Dei</span> <span class='ocrx_word' id='word_1_34' title='bbox 269 790 523 845; x_wconf 80' lang='lat' dir='ltr'>creatoris</span> <span class='ocrx_word' id='word_1_35' title='bbox 562 798 613 844; x_wconf 86' lang='lat' dir='ltr'>et</span> <span class='ocrx_word' id='word_1_36' title='bbox 650 789 862 844; x_wconf 88' lang='lat' dir='ltr'>Domini</span> <span class='ocrx_word' id='word_1_37' title='bbox 903 789 1071 843; x_wconf 89' lang='lat' dir='ltr'>nostri</span> <span class='ocrx_word' id='word_1_38' title='bbox 1111 790 1324 844; x_wconf 88' lang='lat' dir='ltr'>laudem</span> <span class='ocrx_word' id='word_1_39' title='bbox 1363 797 1415 843; x_wconf 84' lang='lat' dir='ltr'>et</span> <span class='ocrx_word' id='word_1_40' title='bbox 1453 788 1683 856; x_wconf 80' lang='lat' dir='ltr'>gloriam</span> 
     </span>
     <span class='ocr_line' id='line_1_7' title="bbox 126 888 1684 958; baseline -0.002 -13"><span class='ocrx_word' id='word_1_41' title='bbox 126 891 251 945; x_wconf 88' lang='lat' dir='ltr'>totis</span> <span class='ocrx_word' id='word_1_42' title='bbox 292 890 493 944; x_wconf 88' lang='lat' dir='ltr'>viribus</span> <span class='ocrx_word' id='word_1_43' title='bbox 521 889 975 958; x_wconf 80' lang='lat' dir='ltr'>amplificandam.</span> <span class='ocrx_word' id='word_1_44' title='bbox 1006 889 1149 952; x_wconf 83' lang='lat' dir='ltr'>Quae</span> <span class='ocrx_word' id='word_1_45' title='bbox 1176 888 1357 943; x_wconf 89' lang='lat' dir='ltr'>omnia</span> <span class='ocrx_word' id='word_1_46' title='bbox 1394 896 1453 942; x_wconf 89' lang='lat' dir='ltr'>ut</span> <span class='ocrx_word' id='word_1_47' title='bbox 1489 888 1684 942; x_wconf 81' lang='lat' dir='ltr'>certius</span> 
     </span>
     <span class='ocr_line' id='line_1_8' title="bbox 126 986 1687 1058; baseline -0.001 -15"><span class='ocrx_word' id='word_1_48' title='bbox 126 989 444 1058; x_wconf 87' lang='lat' dir='ltr'>pleniusque</span> <span class='ocrx_word' id='word_1_49' title='bbox 505 987 887 1056; x_wconf 81' lang='lat' dir='ltr'>assequamini,</span> <span class='ocrx_word' id='word_1_50' title='bbox 953 1004 1045 1041; x_wconf 84' lang='lat' dir='ltr'>vos</span> <span class='ocrx_word' id='word_1_51' title='bbox 1108 1004 1293 1041; x_wconf 92' lang='lat' dir='ltr'>omnes</span> <span class='ocrx_word' id='word_1_52' title='bbox 1355 1004 1449 1041; x_wconf 93' lang='lat' dir='ltr'>oro</span> <span class='ocrx_word' id='word_1_53' title='bbox 1511 986 1687 1041; x_wconf 87' lang='lat' dir='ltr'>obtes-</span> 
     </span>
     <span class='ocr_line' id='line_1_9' title="bbox 126 1085 1687 1156; baseline -0.002 -13"><span class='ocrx_word' id='word_1_54' title='bbox 126 1096 336 1156; x_wconf 85' lang='lat' dir='ltr'>torque,</span> <span class='ocrx_word' id='word_1_55' title='bbox 380 1094 436 1141; x_wconf 83' lang='lat' dir='ltr'>ut</span> <span class='ocrx_word' id='word_1_56' title='bbox 479 1087 770 1142; x_wconf 88' lang='lat' dir='ltr'>industrias</span> <span class='ocrx_word' id='word_1_57' title='bbox 815 1086 1064 1155; x_wconf 87' lang='lat' dir='ltr'>viresque</span> <span class='ocrx_word' id='word_1_58' title='bbox 1109 1093 1310 1140; x_wconf 84' lang='lat' dir='ltr'>vestras</span> <span class='ocrx_word' id='word_1_59' title='bbox 1362 1102 1423 1139; x_wconf 92' lang='lat' dir='ltr'>eo</span> <span class='ocrx_word' id='word_1_60' title='bbox 1474 1085 1687 1154; x_wconf 89' lang='lat' dir='ltr'>potissi-</span> 
     </span>
     <span class='ocr_line' id='line_1_10' title="bbox 127 1185 1684 1254; baseline -0.003 -11"><span class='ocrx_word' id='word_1_61' title='bbox 127 1205 276 1243; x_wconf 91' lang='lat' dir='ltr'>mum</span> <span class='ocrx_word' id='word_1_62' title='bbox 303 1187 645 1254; x_wconf 78' lang='lat' dir='ltr'>convertatiS,</span> <span class='ocrx_word' id='word_1_63' title='bbox 676 1195 734 1241; x_wconf 91' lang='lat' dir='ltr'>ut</span> <span class='ocrx_word' id='word_1_64' title='bbox 759 1186 1134 1241; x_wconf 83' lang='lat' dir='ltr'>christifideles</span> <span class='ocrx_word' id='word_1_65' title='bbox 1160 1186 1226 1240; x_wconf 90' lang='lat' dir='ltr'>ad</span> <span class='ocrx_word' id='word_1_66' title='bbox 1254 1185 1684 1240; x_wconf 80' lang='lat' dir='ltr'>Sacratissimum</span> 
     </span>
     <span class='ocr_line' id='line_1_11' title="bbox 126 1284 1681 1355; baseline -0.003 -13"><span class='ocrx_word' id='word_1_67' title='bbox 126 1288 226 1343; x_wconf 89' lang='lat' dir='ltr'>Cor</span> <span class='ocrx_word' id='word_1_68' title='bbox 264 1288 381 1342; x_wconf 92' lang='lat' dir='ltr'>Iesu</span> <span class='ocrx_word' id='word_1_69' title='bbox 419 1288 798 1355; x_wconf 86' lang='lat' dir='ltr'>pertrahantur</span> <span class='ocrx_word' id='word_1_70' title='bbox 836 1303 1021 1341; x_wconf 91' lang='lat' dir='ltr'>omnes</span> <span class='ocrx_word' id='word_1_71' title='bbox 1063 1303 1073 1338; x_wconf 75' lang='grc' dir='ltr'><em>ε</em></span> <span class='ocrx_word' id='word_1_72' title='bbox 1115 1285 1359 1353; x_wconf 88' lang='lat' dir='ltr'>nihilque</span> <span class='ocrx_word' id='word_1_73' title='bbox 1403 1284 1681 1352; x_wconf 89' lang='lat' dir='ltr'>omittatis,</span> 
     </span>
     <span class='ocr_line' id='line_1_12' title="bbox 127 1383 1686 1455; baseline -0.003 -14"><span class='ocrx_word' id='word_1_74' title='bbox 127 1404 234 1455; x_wconf 91' lang='lat' dir='ltr'>quo</span> <span class='ocrx_word' id='word_1_75' title='bbox 272 1386 432 1440; x_wconf 89' lang='lat' dir='ltr'>huius</span> <span class='ocrx_word' id='word_1_76' title='bbox 471 1385 827 1440; x_wconf 84' lang='lat' dir='ltr'>amantissimi</span> <span class='ocrx_word' id='word_1_77' title='bbox 859 1384 1044 1439; x_wconf 90' lang='lat' dir='ltr'>Cordis</span> <span class='ocrx_word' id='word_1_78' title='bbox 1070 1384 1280 1450; x_wconf 86' lang='lat' dir='ltr'>notitia,</span> <span class='ocrx_word' id='word_1_79' title='bbox 1311 1401 1463 1438; x_wconf 91' lang='lat' dir='ltr'>amor</span> <span class='ocrx_word' id='word_1_80' title='bbox 1489 1390 1541 1438; x_wconf 88' lang='lat' dir='ltr'>et</span> <span class='ocrx_word' id='word_1_81' title='bbox 1566 1383 1686 1437; x_wconf 89' lang='lat' dir='ltr'>imi-</span> 
     </span>
     <span class='ocr_line' id='line_1_13' title="bbox 126 1483 1536 1551; baseline -0.003 -11"><span class='ocrx_word' id='word_1_82' title='bbox 126 1486 257 1540; x_wconf 84' lang='lat' dir='ltr'>tatio</span> <span class='ocrx_word' id='word_1_83' title='bbox 285 1503 471 1540; x_wconf 91' lang='lat' dir='ltr'>eorum</span> <span class='ocrx_word' id='word_1_84' title='bbox 499 1485 693 1539; x_wconf 90' lang='lat' dir='ltr'>animis</span> <span class='ocrx_word' id='word_1_85' title='bbox 721 1486 824 1539; x_wconf 91' lang='lat' dir='ltr'>alte</span> <span class='ocrx_word' id='word_1_86' title='bbox 851 1483 1188 1551; x_wconf 86' lang='lat' dir='ltr'>firmiterque</span> <span class='ocrx_word' id='word_1_87' title='bbox 1215 1483 1536 1537; x_wconf 89' lang='lat' dir='ltr'>inserantur.</span> 
     </span>
    </p>

    <p class='ocr_par' dir='ltr' id='par_1_3' title="bbox 127 1582 1687 1740">
     <span class='ocr_line' id='line_1_14' title="bbox 195 1582 1687 1649; baseline -0.002 -11"><span class='ocrx_word' id='word_1_88' title='bbox 195 1585 354 1640; x_wconf 86' lang='lat' dir='ltr'>Vobis</span> <span class='ocrx_word' id='word_1_89' title='bbox 393 1584 643 1639; x_wconf 88' lang='lat' dir='ltr'>omnibus</span> <span class='ocrx_word' id='word_1_90' title='bbox 682 1584 791 1639; x_wconf 92' lang='lat' dir='ltr'>imo</span> <span class='ocrx_word' id='word_1_91' title='bbox 831 1602 890 1638; x_wconf 80' lang='lat' dir='ltr'>ex</span> <span class='ocrx_word' id='word_1_92' title='bbox 927 1583 1108 1638; x_wconf 89' lang='lat' dir='ltr'>animo</span> <span class='ocrx_word' id='word_1_93' title='bbox 1146 1582 1424 1649; x_wconf 71' lang='lat' dir='ltr'>benedieO,</span> <span class='ocrx_word' id='word_1_94' title='bbox 1455 1588 1506 1636; x_wconf 81' lang='lat' dir='ltr'>et</span> <span class='ocrx_word' id='word_1_95' title='bbox 1542 1597 1687 1636; x_wconf 80' lang='lat' dir='ltr'>oom-</span> 
     </span>
     <span class='ocr_line' id='line_1_15' title="bbox 127 1682 700 1740; baseline -0.005 0"><span class='ocrx_word' id='word_1_96' title='bbox 127 1685 323 1740; x_wconf 90' lang='lat' dir='ltr'>mendo</span> <span class='ocrx_word' id='word_1_97' title='bbox 363 1701 449 1739; x_wconf 91' lang='lat' dir='ltr'>me</span> <span class='ocrx_word' id='word_1_98' title='bbox 486 1683 571 1738; x_wconf 84' lang='lat' dir='ltr'>SS.</span> <span class='ocrx_word' id='word_1_99' title='bbox 615 1682 700 1738; x_wconf 81' lang='lat' dir='ltr'>SS.</span> 
     </span>
    </p>
   </div>
   <div class='ocr_carea' id='block_1_3' title="bbox 194 1860 1572 1933">
    <p class='ocr_par' dir='ltr' id='par_1_4' title="bbox 194 1860 1572 1933">
     <span class='ocr_line' id='line_1_16' title="bbox 194 1860 1572 1933; baseline -0.003 -13"><span class='ocrx_word' id='word_1_100' title='bbox 194 1866 415 1933; x_wconf 89' lang='lat' dir='ltr'>Romae,</span> <span class='ocrx_word' id='word_1_101' title='bbox 457 1865 543 1920; x_wconf 89' lang='lat' dir='ltr'>die</span> <span class='ocrx_word' id='word_1_102' title='bbox 581 1864 862 1920; x_wconf 90' lang='lat' dir='ltr'>Dolorihus</span> <span class='ocrx_word' id='word_1_103' title='bbox 903 1863 958 1918; x_wconf 90' lang='lat' dir='ltr'>B.</span> <span class='ocrx_word' id='word_1_104' title='bbox 1002 1863 1067 1917; x_wconf 91' lang='lat' dir='ltr'>M.</span> <span class='ocrx_word' id='word_1_105' title='bbox 1109 1863 1168 1917; x_wconf 91' lang='lat' dir='ltr'>V.</span> <span class='ocrx_word' id='word_1_106' title='bbox 1211 1879 1379 1929; x_wconf 83' lang='lat' dir='ltr'>sacra,</span> <span class='ocrx_word' id='word_1_107' title='bbox 1420 1860 1572 1917; x_wconf 79' lang='lat'>1905.</span> 
     </span>
    </p>
   </div>
   <div class='ocr_carea' id='block_1_4' title="bbox 879 2033 1614 2297">
    <p class='ocr_par' dir='ltr' id='par_1_5' title="bbox 879 2033 1614 2297">
     <span class='ocr_line' id='line_1_17' title="bbox 1135 2033 1344 2088; baseline 0 -22"><span class='ocrx_word' id='word_1_108' title='bbox 1135 2034 1222 2088; x_wconf 72' lang='lat' dir='ltr'>Rae</span> <span class='ocrx_word' id='word_1_109' title='bbox 1259 2033 1344 2086; x_wconf 73' lang='lat' dir='ltr'>Vae</span> 
     </span>
     <span class='ocr_line' id='line_1_18' title="bbox 966 2131 1492 2187; baseline -0.006 0"><span class='ocrx_word' id='word_1_110' title='bbox 966 2132 1162 2187; x_wconf 73' lang='lat' dir='ltr'>Servus</span> <span class='ocrx_word' id='word_1_111' title='bbox 1189 2132 1249 2186; x_wconf 74' lang='lat' dir='ltr'>in</span> <span class='ocrx_word' id='word_1_112' title='bbox 1278 2131 1492 2186; x_wconf 75' lang='lat' dir='ltr'>Christo</span> 
     </span>
     <span class='ocr_line' id='line_1_19' title="bbox 879 2229 1614 2297; baseline -0.007 -11"><span class='ocrx_word' id='word_1_113' title='bbox 879 2233 1176 2286; x_wconf 74' lang='lat' dir='ltr'>Lunovmus</span> <span class='ocrx_word' id='word_1_114' title='bbox 1216 2230 1443 2297; x_wconf 74' lang='lat' dir='ltr'>MARTIN,</span> <span class='ocrx_word' id='word_1_115' title='bbox 1484 2229 1534 2284; x_wconf 82' lang='lat' dir='ltr'>S.</span> <span class='ocrx_word' id='word_1_116' title='bbox 1579 2230 1614 2282; x_wconf 91' lang='grc' dir='ltr'>Ι.</span> 
     </span>
    </p>
   </div>
  </div>
 </body>
</html>
