2315 3559
201 253 268 291 DE
290 251 594 290 REPETENDA
614 250 686 288 SS.
707 249 878 300 PETRI,
898 249 1075 287 IOANN.
1097 249 1159 286 ET
1172 248 1325 286 ALPH.
1346 247 1586 286 MEMORIA
1623 232 1723 287 169

167 395 452 462 singularis
519 394 830 449 modestiae.
897 393 968 446 Ea
1035 393 1231 446 virtute
1298 391 1460 445 etiam
1522 392 1722 446 imitari
1795 387 2046 486 sfffggiifflzts

167 495 536 549 Beatissimam
610 493 883 560 Virginem
959 491 1126 545 voluit
1198 491 1482 558 eidemque
1566 508 1721 544 suum

166 593 348 648 testari
398 610 666 657 amorem3
720 593 819 645 hac
881 591 1139 645 fidelitate
1195 597 1410 658 gratum
1472 589 1722 643 exhihere

166 692 215 747 S.
305 692 512 759 Ignatio
585 691 827 745 animum
901 690 1148 757 cupiebat
1219 696 1270 743 et
1342 706 1494 742 suam
1562 687 1722 741 solari

166 799 392 845 matrem
438 790 775 845 Societatem.
825 788 1047 856 Scripsit
1091 788 1253 854 enim,
1303 788 1478 841 virum
1529 804 1721 855 parum

163 898 435 944 amantem
485 889 798 955 modestiae,
852 889 1134 955 pudorem,
1189 887 1533 954 maestitiam,
1590 886 1723 940 infa-

164 988 329 1042 miam
380 989 651 1056 quandam
702 987 894 1040 afferre
949 985 1218 1040 Societati.
1765 983 2091 1024 Ceparip·2·5·⁷·

234 1087 300 1141 Ut
348 1087 403 1140 in
464 1086 612 1141 omni
661 1086 782 1153 alia,
836 1085 909 1139 ita
971 1085 1132 1139 etiam
1195 1084 1250 1138 in
1317 1086 1415 1139 hac
1477 1084 1723 1139 excelluit

166 1187 378 1253 virtute,
432 1185 826 1253 hominumque
887 1184 1058 1239 movit
1119 1183 1553 1238 admirationem.
1618 1184 1721 1238 Alii

163 1304 190 1340 e
262 1286 442 1338 schola
515 1301 858 1351 egressurum
938 1284 1181 1337 solebant
1265 1291 1588 1352 exspectare,
1664 1294 1722 1339 ut

162 1393 528 1439 transeuntem
573 1384 967 1452 conspicerent,
1021 1383 1112 1437 alii
1162 1383 1216 1437 in
1266 1401 1389 1437 eum
1440 1401 1494 1438 se
1543 1385 1720 1438 locum

161 1485 421 1550 conferre,
475 1483 568 1536 ubi
630 1490 872 1536 orantem
935 1490 1236 1550 spectarent
1290 1500 1299 1535 :
1358 1499 1533 1550 neque
1600 1483 1716 1550 hos,

161 1601 335 1651 neque
378 1583 497 1637 illos
547 1582 789 1636 intuendi
841 1581 1054 1636 satietas
1100 1599 1289 1650 capere
1334 1589 1561 1650 poterat.
1763 1584 2092 1625 cepam-25⁵·

231 1683 472 1737 Parendo
557 1681 725 1749 igitur
807 1680 1015 1748 legibus
1105 1681 1302 1734 nostris
1381 1680 1720 1735 accuratione

161 1800 391 1849 summa,
433 1783 487 1837 id
537 1790 851 1836 consecutus
902 1790 998 1848 est,
1040 1789 1099 1834 ut
1147 1783 1406 1849 exempla,
1449 1799 1587 1850 quae
1630 1782 1721 1836 alii

161 1890 532 1950 sequerentur,
574 1881 854 1949 praeberet
902 1888 952 1935 et
1002 1880 1055 1933 in
1101 1881 1342 1934 moribus
1386 1880 1500 1935 eius
1544 1881 1721 1949 quivis

160 1990 302 2036 recte
348 1980 564 2035 vivendi
607 1990 892 2049 praecepta
930 1982 1150 2047 legeret.

229 2081 401 2144 Quare
468 2097 615 2147 ergO,
687 2080 817 2134 dum
890 2081 955 2134 ad
1031 2080 1212 2133 omnia
1280 2097 1492 2133 summa
1564 2088 1720 2134 natus

164 2180 461 2247 videbatur,
503 2180 633 2233 dum
671 2181 873 2234 excelsa
912 2179 1095 2234 omnia
1139 2179 1240 2232 sibi
1292 2180 1356 2233 de
1401 2196 1462 2233 eo
1507 2179 1722 2247 pollice-

159 2280 317 2334 batur
358 2280 475 2333 Iesu
512 2277 763 2346 Societas,
802 2287 1016 2347 ereptus
1054 2286 1133 2332 est
1170 2287 1343 2332 morte
1382 2278 1432 2332 S.
1475 2278 1715 2345 Ioannes,

160 2378 215 2432 in
264 2377 452 2432 aetatis
513 2378 664 2443 flore,
719 2395 840 2431 cum
890 2377 956 2431 ad
1007 2394 1157 2445 spem
1208 2376 1301 2431 Dei
1352 2376 1557 2443 gloriae
1608 2394 1720 2431 cer-

158 2477 423 2531 tissimam
474 2477 777 2530 adolescere
824 2475 1136 2530 videbatur?

226 2575 310 2630 33.
365 2575 554 2642 Quare,
608 2575 749 2629 vitae
797 2592 956 2628 cursu
1000 2582 1180 2628 exacto
1231 2582 1340 2628 tam
1384 2574 1554 2641 brevi,
1609 2573 1716 2628 iam

159 2676 303 2729 caelo
355 2683 433 2728 est
481 2674 677 2740 illatus,
720 2673 813 2741 qui
851 2674 943 2727 Dei
980 2675 1184 2727 cultum
1221 2673 1521 2741 provehere
1555 2672 1717 2727 mira·
1761 2680 1904 2732 Quare
1944 2687 2087 2725 morte

158 2773 321 2827 bilem
378 2774 433 2827 in
483 2774 707 2827 modum
758 2774 1064 2840 multosque
1125 2773 1190 2827 ad
1252 2771 1450 2839 gaudia
1500 2780 1715 2826 aeterna
1801 2741 2045 2833 erefffiffim

158 2873 447 2926 transferre
473 2871 772 2940 potuisset?
1831 2846 2018 2888 aetans?

228 2972 304 3025 lta
353 2970 582 3024 Domino
647 2970 840 3036 visum,
893 2970 986 3037 qui
1038 2978 1116 3024 est
1173 2970 1495 3023 Altissz'mzcs
1554 2986 1714 3036 super

157 3086 367 3123 omnem
428 3075 646 3123 terram.
709 3068 893 3135 Neque
952 3085 1048 3121 nos
1106 3067 1331 3122 scrutari
1392 3069 1560 3133 decet,
1631 3068 1711 3121 vel
1837 3088 2011 3126 Ps.96‚9.

159 3168 442 3236 pervidere
493 3170 624 3223 velle
675 3167 896 3222 consilia
946 3167 1057 3222 Dei.
