2315 3559
216 230 282 268 DE
321 228 590 267 PERlcuLts
627 225 915 264 TEMPORUM
956 224 1271 263 nos‘rnonmi
1311 224 1562 262 CAVENDIS
1598 208 1698 263 329

150 382 201 429 et
273 373 501 427 maxime
567 371 892 440 periculosas
967 368 1243 424 daemonis
1312 368 1524 421 fraudes
1592 385 1699 422 non

151 473 439 540 agnoscat?

218 570 300 625 50.
343 570 507 623 Verus
574 586 632 622 ac
699 566 963 634 genuinus
1033 566 1086 618 in
1141 565 1460 619 Societatem
1528 581 1698 630 amor,

152 671 259 724 RR.
311 670 490 722 Patres
537 668 854 733 Fratresque
892 665 1176 731 carissimi,
1230 664 1285 717 in
1331 680 1392 717 eo
1432 663 1563 716 situs
1603 671 1699 727 est,

151 778 209 824 ut
262 769 338 822 illi
383 785 490 821 non
547 783 738 820 vanam
791 783 848 818 ac
905 766 1169 831 fugacem,
1223 763 1315 817 sed
1374 779 1555 816 veram
1605 761 1705 814 im-

153 870 544 934 mortalemque
598 865 826 932 gloriam
882 864 1174 932 pariamus.
1234 862 1369 916 Vera
1424 870 1604 915 autem
1655 869 1706 914 et

152 967 473 1022 immortalis
511 965 683 1033 gloria
721 972 818 1031 est,
860 981 982 1017 cum
1022 963 1358 1030 singulorum
1398 960 1701 1027 hominum,

153 1077 267 1122 tum
306 1068 546 1135 ipsarum
585 1065 902 1119 societatum
941 1081 1048 1118 non
1086 1065 1302 1131 plausus
1344 1062 1702 1128 emendicare,

153 1169 244 1222 sed
273 1166 376 1220 illis
405 1165 645 1231 dignari;
687 1181 794 1218 non
833 1164 1016 1217 laudes
1055 1162 1331 1230 consequi,
1363 1162 1454 1215 sed
1488 1160 1702 1215 mereri.

154 1266 234 1320 llli
280 1282 407 1332 ergo
446 1263 764 1318 Societatem
810 1271 1047 1317 nostram
1086 1262 1292 1316 sincera
1331 1261 1527 1329 pietate
1565 1278 1709 1314 com-

155 1367 478 1434 plectuntur,
509 1363 602 1431 qui
647 1362 772 1416 totis
813 1362 1016 1415 viribus
1055 1360 1313 1428 omnique
1357 1378 1457 1428 ope
1500 1359 1710 1414 enitun-

156 1473 261 1530 tur,
314 1472 373 1516 ut
416 1463 523 1529 illa,
571 1461 663 1515 Dei
708 1460 947 1515 consiliis
985 1470 1038 1514 et
1076 1459 1439 1514 voluntatibus
1479 1458 1710 1513 fideliter

156 1562 544 1628 obsecundans,
587 1561 652 1614 ad
697 1560 1020 1614 altissimum
1060 1576 1183 1613 eum
1222 1559 1405 1625 finem,
1448 1558 1502 1611 in
1547 1575 1709 1625 quem

156 1663 400 1717 instituta
428 1670 523 1727 est,
565 1661 725 1714 citato
765 1678 923 1713 cursu
962 1659 1337 1726 indefessoque
1373 1658 1551 1711 studio
1587 1675 1711 1711 con-

158 1763 357 1817 tendat.
403 1763 513 1815 Hoc
559 1769 737 1814 autem
789 1777 850 1813 eo
896 1758 1106 1827 plenius
1146 1766 1197 1812 et
1245 1756 1532 1826 perfectius
1572 1773 1712 1810 asse-

157 1870 408 1930 quentur,
440 1878 546 1929 quo
586 1859 914 1927 simpliciore
953 1857 1134 1912 animo
1174 1865 1225 1911 et
1262 1856 1553 1911 sinceriore
1591 1873 1712 1924 pro-

158 1961 332 2029 posito
367 1961 433 2014 ab
470 1959 721 2013 humanis
755 1958 1004 2012 laudibus
1043 1957 1411 2023 abhorrentes,
1444 1956 1713 2009 conabun-

157 2059 326 2114 turin
361 2058 676 2113 ministeriis
713 2057 929 2124 nostris,
965 2057 1020 2110 in
1058 2056 1221 2111 sacris
1261 2054 1709 2123 expeditionibus,

160 2178 187 2214 e
237 2167 492 2226 suggestu
536 2167 587 2213 et
636 2175 733 2226 pro
778 2175 927 2212 sacro
978 2156 1253 2223 tribunali,
1306 2156 1361 2209 in
1412 2155 1613 2222 templo
1664 2162 1715 2207 et

161 2258 215 2312 in
243 2259 441 2325 schola,
472 2257 687 2311 assidua
721 2256 809 2309 illa
848 2256 929 2309 sui
968 2255 1323 2321 abnegatione
1360 2253 1714 2320 impensoque

163 2356 377 2412 divinae
403 2355 607 2422 gloriae
646 2363 698 2410 et
734 2354 1019 2408 hominum
1059 2353 1243 2407 salutis
1282 2352 1480 2418 studio,
1512 2369 1572 2406 ex
1598 2351 1717 2418 qui-

162 2456 261 2509 bus
291 2454 453 2509 veluti
481 2453 799 2520 sanguinem
837 2460 888 2506 et
915 2452 1080 2506 vitam
1113 2451 1331 2505 haurire
1358 2450 1571 2516 debent,
1602 2466 1716 2504 sese

165 2554 416 2609 omnibus
461 2553 859 2608 commendare.

233 2655 316 2709 51.
360 2655 511 2707 Hunc
550 2653 787 2720 profecto
815 2651 1110 2718 genuinum
1138 2650 1192 2704 in
1226 2649 1545 2704 Societatem
1573 2665 1720 2702 amo-

165 2771 300 2820 rem,
340 2754 475 2806 hanc
516 2769 699 2806 veram
738 2751 880 2804 illius
919 2749 1148 2816 gloriam
1188 2756 1468 2803 senserunt
1507 2755 1718 2800 sanctus

170 2854 322 2907 Pater
382 2859 564 2906 noster
625 2858 676 2904 et
731 2857 1000 2918 quotquot
1059 2867 1087 2902 e
1149 2847 1345 2902 nostris
1401 2846 1716 2911 maioribus,

168 2953 310 3006 illius
349 2951 574 3017 vestigia
618 2950 803 3016 secuti,
848 2966 961 3003 sese
1005 2947 1405 3002 amantissimos
1445 2945 1719 2999 Societatis

169 3051 308 3105 filios
357 3050 738 3118 probaverunt.
788 3049 927 3101 Haec
988 3054 1269 3101 senserunt
1324 3044 1491 3098 sancti
1551 3042 1720 3097 nostri

172 3152 380 3217 fratreS,
456 3149 834 3218 Apostolorum
908 3146 1105 3200 aemuli
1172 3153 1332 3212 atque
1400 3142 1717 3209 imitatoreS,

1837 552 1976 595 Verus

1791 606 2018 651 Societatis

1848 675 1970 704 amor

1803 716 2001 759 consistit

1776 770 2028 823 regularum

1777 824 1970 868 custodia
2002 830 2042 866 et

1810 880 2010 933 impenso

1751 934 1893 978 studio
1935 932 2073 976 nostri

1859 988 1957 1031 finis

1769 1041 2050 1096 assequendi.

1818 2658 1881 2702 lta
1900 2656 2020 2700 illum

1806 2716 2044 2757 senserunt

1829 2768 1869 2811 S.
1892 2767 2020 2810 Pater

1805 2822 1978 2871 Noster,
2002 2825 2046 2863 et

1766 2890 1919 2920 omnes
1945 2874 2090 2918 Sancti

1831 2945 1880 2974 ac
1904 2929 2022 2973 Beati

1847 2986 2008 3028 fratres

1849 3039 2004 3083 nostri.
