2315 3559
319 242 385 279 DE
411 242 489 280 BB.
522 241 646 278 EDM.
679 241 929 277 CAMPIANI
956 241 1018 278 ET
1046 240 1305 278 SOCIOREM
1337 241 1598 278 MARTYRIO
1671 226 1736 279 59

180 393 487 451 quaeratur,
553 401 611 437 ea
674 383 1096 450 deprehenditur
1164 383 1217 435 in
1287 382 1732 445 ministeriorum,

180 501 317 550 quae
372 483 498 549 dixi,
560 483 791 549 lugenda
841 482 1073 536 levitate.
1130 483 1222 535 llla
1273 481 1415 535 enim
1467 499 1495 533 a
1547 482 1735 534 litteris

178 583 421 635 animum
466 581 783 635 abstrahunt
826 590 877 634 et
915 581 1167 634 scientiae
1206 580 1554 647 cupiditatem
1595 597 1739 632 com-

180 681 419 749 primunt
457 698 564 734 non
598 681 711 734 sine
739 680 936 734 damno
964 679 1240 734 Societatis
1267 688 1427 746 atque
1455 679 1733 732 dedecore.

179 780 359 833 Solent
408 779 655 833 homines
706 780 874 832 multa
920 796 1134 846 sperare
1173 796 1199 831 a
1245 777 1472 843 Nostris,
1513 776 1738 843 grandia

179 880 244 933 de
282 879 436 932 nobis
464 879 565 932 sibi
594 879 859 946 polliceri;
903 896 1090 932 eorum
1130 895 1256 931 vero
1291 876 1737 944 exspectationem

179 978 443 1045 decipere,
508 979 681 1031 famae
743 977 946 1031 iactura
995 985 1091 1030 est.
1147 976 1271 1029 Ideo
1329 976 1459 1028 falsa
1515 974 1737 1041 quidam

179 1076 433 1144 opinione
472 1076 760 1142 ducuntur,
790 1085 932 1130 recte
969 1084 1214 1129 nostrum
1241 1092 1338 1128 nos
1367 1091 1562 1127 munus
1591 1090 1741 1140 prae-

179 1184 318 1229 stare
363 1193 518 1242 posse
563 1176 813 1229 studendi
853 1176 1033 1229 labore
1073 1175 1281 1241 exiguo.
1325 1173 1423 1236 Qui
1463 1190 1588 1226 sane
1626 1190 1741 1226 cor-

178 1274 434 1340 rigendus
490 1283 569 1328 est
624 1292 791 1328 error.
853 1274 984 1328 Sunt
1033 1274 1177 1328 enim
1227 1282 1371 1327 extra
1421 1272 1739 1326 Societatem

178 1373 277 1425 bac
314 1381 497 1426 nostra
523 1381 693 1426 aetate
721 1372 1020 1440 splendida,
1058 1372 1409 1439 doctrinaque
1449 1371 1740 1438 praestanti

179 1473 380 1525 exculta
410 1472 643 1538 ingenia,
674 1472 886 1539 virique
918 1471 1254 1525 celebrantur
1293 1470 1552 1536 singulari
1591 1487 1742 1537 prae-

179 1571 279 1624 diti
323 1571 563 1637 scientia,
611 1571 934 1638 quibuscum
979 1579 1183 1624 certare
1221 1569 1601 1623 difficillimum
1640 1578 1735 1622 est.

245 1669 328 1724 34.
373 1669 483 1723 Hoc
533 1669 635 1722 sibi
686 1670 1044 1736 persuadeant
1097 1668 1266 1722 nostri
1322 1668 1736 1734 contionatores,

180 1785 355 1835 neque
393 1768 644 1822 studendi
672 1777 722 1821 et
750 1768 1019 1821 scribendi
1047 1768 1286 1821 laborem
1315 1767 1541 1833 fugiant.
1579 1766 1742 1834 Supe-

178 1869 387 1922 riorum
438 1885 565 1922 vero
610 1876 707 1934 est,
749 1876 961 1934 tempus
1001 1875 1050 1921 et
1095 1867 1267 1921 otium
1313 1867 1378 1920 iis
1427 1866 1737 1933 concedere,

178 1974 340 2033 atque
365 1974 424 2019 ut
450 1984 511 2020 eo
538 1975 759 2019 utantur
785 1966 915 2020 eniti
943 1966 1170 2032 fortiter,
1212 1966 1514 2019 amovendo
1553 1965 1607 2018 in
1634 1966 1742 2033 pri-

179 2066 281 2119 mis
325 2065 462 2119 levia
515 2066 594 2119 vel
645 2065 818 2119 aliena
869 2065 1117 2119 Instituto
1179 2074 1362 2118 nostro
1419 2065 1736 2132 ministeria,

179 2182 338 2218 usum
395 2172 445 2219 et
494 2165 939 2218 consuetudinem
990 2182 1112 2217 cum
1163 2164 1475 2218 hominibus
1527 2165 1736 2231 exteris,

181 2265 385 2318 litteras
442 2264 723 2329 officiosas,
790 2263 1135 2317 salutationes
1191 2272 1242 2317 et
1297 2264 1582 2330 colloquia.
1639 2264 1739 2317 Res

181 2363 325 2417 enim
376 2363 554 2429 agitur
603 2363 942 2429 gravissima,
996 2381 1118 2416 cum
1169 2363 1318 2417 verbi
1362 2363 1540 2416 Divini
1591 2381 1741 2430 prae-

181 2478 338 2516 cones
378 2480 541 2529 quam
574 2464 804 2517 maxime
832 2462 1108 2516 Societatis
1137 2463 1335 2515 samam
1364 2464 1446 2516 vel
1474 2463 1740 2516 illustrent

180 2562 260 2614 vel
301 2561 603 2614 obscurent.

247 2660 397 2713 Tanti
425 2660 686 2714 momenti
730 2661 859 2714 haec
899 2661 964 2714 de
1003 2661 1167 2714 verbo
1204 2660 1396 2714 Divino
1435 2660 1738 2714 sollicitudo

181 2759 295 2813 visa
333 2768 429 2826 est,
471 2768 529 2813 ut
567 2759 923 2826 Congregatio
961 2776 1034 2813 vn
1074 2760 1287 2814 decreto
1325 2758 1392 2813 80
1417 2760 1547 2813 baec
1586 2776 1741 2825 regu-

180 2858 261 2912 lae
306 2857 653 2911 Provincialis
709 2858 774 2912 52
829 2859 1074 2913 addenda
1124 2859 1454 2926 praeceperit
1513 2877 1522 2911 :
1573 2873 1598 2905 (ε
1646 2857 1738 2909 llis

184 2975 210 3007 ³>
253 2956 434 3023 etiam,
493 2956 585 3023 qui
643 2957 990 3012 contionandi
1045 2958 1304 3011 talentum
1362 2941 1577 3022 habent,
1632 2956 1737 3008 duo

185 3072 211 3105 ))
250 3053 458 3121 itidem,
507 3056 587 3108 vel
632 3072 769 3109 unus
826 3057 1013 3110 saltem
1063 3073 1232 3109 annus
1289 3056 1629 3119 concedatur,
1681 3061 1738 3104 ut

185 3170 211 3204 ))
250 3152 459 3220 privato
498 3154 675 3207 studio
720 3153 770 3220 S,
818 3154 1140 3222 Scripturae‚
1181 3154 1528 3221 legendisque
1576 3151 1739 3204 Patri-

1806 1674 1922 1728 quod
1945 1676 1988 1738 in
2005 1676 2094 1730 pri-

1906 1745 1989 1774 mls

1813 1787 2085 1830 contionato-

1849 1855 1944 1884 rum
1969 1848 2049 1890 est,
