2315 3559
168 1203 322 1241 censet
338 1211 437 1241 esse

219 1259 390 1306 pestem

182 1308 428 1352 immunitau

169 1370 256 1407 tem
279 1363 441 1417 legum.

230 1499 286 1531 Ib.
304 1499 335 1540 ἓ.
351 1500 383 1532 6.

514 227 616 282 154
687 243 932 283 EPISTOLA
974 245 1022 282 R.
1067 245 1112 282 P.
1156 247 1208 283 N.
1250 244 1369 283 ANT.
1419 244 1544 283 MAR.
1596 244 1905 283 ANDERLEDY

515 396 695 443 tamen
755 398 941 444 nactus
1003 398 1082 445 est
1137 389 1399 458 praeclari
1460 389 1621 444 huius
1685 389 1913 457 exempli
1969 406 2079 444 non

515 496 720 544 veteres
779 497 1007 556 tantum,
1070 490 1161 543 sed
1213 506 1352 556 quae
1400 489 1493 543 Dei
1543 488 1716 555 gratia
1766 496 1862 555 est,
1917 488 2079 543 etiam

515 589 857 644 recentiores.
892 589 1036 643 Licet
1062 589 1206 643 enim
1235 606 1452 643 cernere
1496 588 1795 643 etiamnum
1840 589 1906 642 de
1949 589 2081 643 Nos-

514 689 630 757 triS,
654 690 748 757 qui
777 691 858 744 vel
887 689 1236 757 paupertatis,
1269 690 1349 743 vel
1377 689 1769 755 oboedientiae,
1796 690 1876 743 vel
1897 688 2079 744 animo

514 808 611 844 suo
659 789 977 844 moderandi
1016 789 1196 844 studio
1229 789 1296 844 ab
1330 789 1394 844 iis
1423 807 1562 858 quae
1594 789 1956 845 communiter
1993 789 2080 858 pie

515 899 567 944 et
593 908 653 944 ex
688 889 878 944 ordine
922 890 1076 956 fiunt,
1107 908 1137 943 a
1166 889 1328 956 victu,
1378 890 1575 944 vestitu
1602 898 1654 945 et
1679 890 1746 944 ab
1791 890 1940 944 omni
1967 890 2077 944 vita

513 990 790 1045 communi
829 989 1044 1044 nonnisi
1090 989 1220 1044 iussi
1258 1008 1288 1044 a
1333 990 1720 1058 superioribus,
1751 992 1834 1045 vel
1873 990 2078 1045 viribus

518 1090 669 1144 fracti
720 1089 1021 1143 discedunt.

586 1188 669 1243 18.
713 1188 934 1243 Sanctus
983 1205 1105 1242 vero
1153 1188 1374 1242 Ioannes
1420 1188 1474 1242 in
1518 1190 1717 1243 tuenda
1761 1189 2079 1244 auctoritate

518 1288 698 1354 legum
743 1295 853 1341 tam
898 1288 1167 1341 offirmato
1212 1294 1327 1341 erat
1369 1286 1569 1354 animO,
1619 1295 1678 1340 ut
1727 1289 2079 1343 memoranda

519 1388 649 1441 haec
699 1388 862 1441 verba
912 1387 1110 1455 scripta
1160 1386 1442 1455 reliquerit
1488 1404 1498 1440 :
1548 1386 1733 1442 Odisse
1775 1394 1836 1441 ut
1878 1394 2079 1455 pestem

517 1488 974 1555 ddispensationem
1030 1506 1064 1540 a
1122 1487 1344 1555 ‘reyulis
1422 1487 1562 1540 Haec
1634 1485 1968 1554 immunitaS,
2034 1486 2078 1540 si

518 1589 790 1655 frequens,
845 1586 1061 1640 initium
1113 1594 1191 1640 est
1240 1585 1428 1640 ruinae
1485 1586 1739 1641 ordinum
1801 1585 2079 1653 religioso-

515 1706 655 1742 rum.
709 1687 830 1741 Vim
880 1687 1045 1755 enim,
1093 1704 1257 1755 quam
1307 1686 1500 1741 adimit
1549 1685 1777 1754 legibus,
1831 1685 2077 1740 licentiae

513 1788 720 1842 tribuit.

581 1886 827 1941 Graviter
864 1885 1087 1954 quidem
1132 1903 1239 1939 non
1284 1892 1464 1939 tamen
1508 1892 1729 1952 temere,
1761 1886 1851 1939 sed
1898 1892 2077 1939 sancte

514 1995 565 2041 et
591 1986 860 2055 sapienter
887 1987 1096 2040 locutus
1124 1993 1204 2039 est
1230 1985 1421 2039 Beatus
1451 1985 1694 2038 loannes.

585 2087 794 2141 Pestem
844 2085 1135 2154 appellavit
1183 2102 1301 2139 eam
1352 2084 1594 2138 solvendi
1654 2083 1862 2150 legibus
1913 2082 2080 2136 facili-

515 2194 698 2254 tatem,
729 2204 867 2254 quae
905 2202 1028 2239 cum
1057 2185 1206 2238 deest
1243 2183 1381 2237 iusta
1416 2183 1558 2237 illius
1597 2183 1858 2251 petendae
1895 2200 2072 2250 causa,

513 2287 578 2341 ad
608 2286 689 2340 sui
729 2285 897 2354 ipsius
936 2302 1178 2339 amorem
1217 2291 1496 2351 tamquam
1525 2283 1591 2337 ad
1620 2281 1887 2349 originem
1925 2299 2078 2336 revo-

512 2386 682 2441 canda
709 2394 806 2440 est.

584 2485 751 2540 Pestis
797 2484 922 2539 odio
969 2483 1190 2550 dignam
1237 2499 1355 2536 eam
1400 2482 1650 2550 appellat,
1699 2480 1845 2549 quia,
1894 2488 1953 2534 ut
1995 2498 2077 2534 re-

512 2586 763 2653 gularum
814 2600 1103 2638 commune
1152 2580 1393 2635 studium
1443 2579 1596 2635 addit
1643 2579 1853 2634 animos
1905 2578 2078 2633 omni-

513 2686 630 2753 bus,
672 2685 744 2739 ita
782 2700 1078 2753 paucorum
1117 2680 1432 2736 immunitas
1478 2680 1604 2734 facit
1647 2687 1707 2733 ut
1756 2679 1911 2733 multi
1955 2696 2077 2746 gra-

513 2785 630 2839 vius
658 2785 831 2838 ferant
858 2800 1020 2837 onera
1046 2784 1246 2848 legum.

584 2883 750 2938 Pestis
812 2882 1031 2936 nomine
1092 2881 1342 2949 appellat,
1397 2878 1525 2946 quia
1575 2879 1706 2932 dum
1768 2884 1935 2931 exstat
1984 2875 2073 2930 illa

514 2984 721 3051 lenitas,
753 2982 846 3051 qui
875 2982 1104 3036 fidenter
1147 2988 1309 3047 atque
1351 2980 1606 3033 audacter
1649 2994 1809 3044 agere
1852 2983 2069 3042 norunt,

513 3084 713 3153 gaudio
765 3083 1139 3150 triumphant,
1188 3087 1432 3134 maerent
1481 3086 1661 3132 autem
1714 3076 1814 3130 viri
1843 3074 2073 3130 modesti

514 3193 677 3253 atque
703 3189 943 3238 amantes
972 3180 1177 3236 ordinis
1205 3199 1263 3234 ac
1292 3177 1623 3246 disciplinae.
