2315 3559
135 2815 241 2845 vera
304 2799 465 2853 princi-

135 2857 209 2910 pia
241 2861 283 2898 et
312 2862 465 2898 coetus

137 2910 375 2954 catholicos
391 2923 466 2964 op-

135 2978 322 3020 ponere.

508 237 542 290 4
727 252 978 291 EPISTOLA
1016 253 1064 290 R.
1107 253 1154 291 P.
1196 253 1413 291 ANTONII
1454 253 1510 290 M.
1554 250 1861 289 ANDERLEDY

509 397 595 452 SS.
626 398 728 452 DD.
770 398 959 452 Leonis
1001 398 1098 451 PP.
1136 398 1253 450 Xlll
1285 398 1611 451 Humanum
1654 395 1861 464 glenus).
1901 394 2073 457 Quare

508 497 773 551 rationem
818 498 1113 550 humanam
1164 497 1355 550 ducem
1417 514 1475 549 ac
1525 494 1841 561 magistram
1903 494 2072 546 solam

508 597 848 663 mentienteS,
873 604 1071 662 negant
1098 596 1391 663 quicquam
1414 595 1672 649 divinitus
1702 610 1815 647 esse
1844 592 2074 660 patefac-

511 706 642 765 tum,
686 699 1022 765 nullumque,
1071 704 1355 764 propterea
1400 703 1663 762 asserunt,
1713 711 1908 747 munus
1960 710 2073 746 esse

508 799 772 853 Ecclesiae
828 797 1149 863 Catholicae,
1213 797 1416 849 nullam
1481 794 1875 848 auctoritatem.
1935 791 2073 855 Quin

506 897 675 951 immo
697 897 751 950 in
773 897 909 950 hanc
930 895 980 950 S.
1012 894 1302 949 Ecclesiam
1331 895 1569 947 furorem
1597 900 1649 946 et
1675 909 1825 945 arma
1853 907 2073 944 conver-

509 1004 642 1063 tunt,
695 996 967 1050 Vicarium
1028 994 1223 1048 Christi
1286 992 1500 1046 Domini
1563 991 1867 1059 principatu
1927 988 2071 1043 civili

505 1097 870 1162 deturbatum,
919 1095 1200 1160 inermem,
1255 1109 1460 1159 suoque
1504 1091 1801 1158 regendum
1847 1090 2072 1143 arbitrio

505 1196 830 1250 desiderant.
864 1193 1164 1261 Repudiata
1192 1208 1318 1245 vero
1345 1191 1600 1244 cathedra
1628 1189 1886 1256 veritatis,
1912 1189 2073 1242 ratio-

504 1295 586 1348 nis
609 1295 775 1363 ipsius
797 1293 1000 1347 lumine
1028 1309 1082 1345 se
1110 1290 1311 1344 faciunt
1331 1297 1571 1356 expertes
1592 1289 1684 1355 ita,
1708 1296 1767 1341 ut
1787 1306 1882 1342 nec
1903 1289 2071 1342 Deum

504 1413 617 1449 esse
644 1410 962 1462 persuasum
991 1391 1092 1445 sihi
1120 1408 1234 1444 esse
1262 1389 1444 1455 velint,
1476 1397 1527 1442 et
1558 1389 1623 1441 ab
1651 1388 1766 1455 ipsa
1793 1389 2072 1441 honestate

503 1493 735 1547 naturali
769 1492 1099 1557 deficientes,
1136 1489 1192 1542 in
1220 1488 1550 1554 societatem,
1582 1495 1691 1540 tam
1720 1486 2071 1540 domesticam

504 1611 667 1661 quam
713 1592 945 1658 civilem,
993 1606 1211 1644 omnem
1255 1588 1513 1641 inducant
1556 1603 1771 1639 morum
1810 1585 2073 1653 perversi-

508 1700 687 1746 tatem.

573 1791 713 1844 Haec
735 1796 858 1842 sunt
902 1787 1239 1855 opinionum,
1265 1802 1399 1853 quas
1422 1785 1634 1837 fallaces
1662 1782 1777 1835 iure
1799 1782 1993 1836 merito
2022 1790 2073 1835 et

503 1888 909 1945 commenticias
965 1887 1317 1955 appellamUS,
1365 1884 1542 1952 capita
1597 1883 1884 1950 quaedam.
1951 1880 2073 1949 Opi-

504 1991 691 2044 niones
731 2006 858 2043 vero
903 1988 1050 2055 ipsae
1088 1994 1249 2052 recte,
1291 1986 1447 2052 plene
1491 2001 1549 2037 ac
1595 1982 1808 2050 penitus
1853 1999 1913 2035 ex
1956 1980 2073 2049 ipsa

507 2088 786 2142 Pontificia
808 2087 1046 2155 Epistola
1071 2084 1476 2151 cognoscendae
1498 2090 1638 2135 sunt.
1671 2080 1821 2144 Quod
1849 2088 1908 2133 ut
1934 2097 2074 2133 asse-

504 2206 755 2256 quamur,
803 2204 912 2241 non
962 2203 1080 2240 eam
1132 2184 1324 2251 legisse
1367 2182 1498 2236 satis
1542 2188 1638 2247 est,
1693 2181 1783 2234 sed
1834 2179 2072 2246 cogitare

504 2296 704 2342 attente
759 2303 878 2340 eam
929 2291 1158 2353 oportet,
1206 2290 1266 2336 ut
1315 2283 1419 2336 alte
1472 2282 1690 2334 haereat
1743 2295 2071 2346 prorsusque

505 2388 686 2441 animo
725 2386 904 2439 infixa.
948 2384 1020 2437 Ea
1058 2382 1203 2437 enim
1242 2382 1540 2449 periculum
1580 2379 1886 2443 edocemur,
1925 2377 2069 2444 quod

509 2495 620 2540 tum
649 2503 709 2539 ex
735 2482 1086 2552 perversitate
1125 2480 1442 2548 opinionum
1478 2477 1632 2531 nohis
1660 2474 1925 2541 imminet,
1956 2482 2071 2527 tum

506 2603 567 2639 ex
592 2602 725 2639 nexo
754 2584 969 2638 foedere
997 2580 1426 2649 opinionumque
1453 2577 1722 2630 societate.

578 2685 688 2737 Hoc
716 2683 882 2749 igitur
910 2688 1180 2749 praestare
1208 2686 1452 2732 nostrum
1481 2693 1676 2729 munus
1710 2682 1806 2740 est,
1843 2681 1900 2726 ut
1927 2671 2071 2725 salsis

510 2783 855 2852 opinionibus
884 2780 1148 2850 principia
1171 2798 1313 2846 vera,
1341 2786 1392 2832 et
1413 2777 1587 2832 coetui
1610 2791 1862 2844 perverso
1889 2781 2070 2826 coetus

510 2901 864 2952 opponamuS,
896 2882 1093 2949 pietate
1130 2898 1191 2934 ac
1217 2879 1459 2933 moribus
1491 2877 1763 2945 probatos,
1794 2874 1977 2928 fideles
2011 2890 2069 2926 ac

511 2984 665 3050 plane
715 2981 925 3036 deditos
980 2980 1202 3034 Summo
1254 2976 1519 3043 Pontifici,
1572 2990 1805 3042 quorum
1856 2988 1960 3024 una
2003 2969 2071 3023 sit

511 3098 661 3135 mens
683 3088 734 3134 et
760 3080 984 3133 societas
1011 3077 1420 3146 principiorum.

578 3181 657 3235 Ad
696 3180 933 3247 primum
963 3178 1108 3246 quod
1144 3176 1352 3242 attinet,
1383 3174 1517 3228 nihil
1553 3181 1631 3227 est
1662 3170 1806 3238 qnod
1834 3169 1899 3223 de
1926 3166 2075 3235 prin-ยน
