2315 3559
559 722 1283 814 EPISTOLA

220 923 304 985 R.
374 923 450 983 P.
519 924 597 985 N.
668 924 1150 989 LUDOVICI
1223 925 1613 987 MARTIN

544 1107 616 1152 AD
649 1108 727 1153 PP.
766 1108 1151 1156 PROVINCIALES
1182 1110 1223 1154 S.
1256 1110 1287 1154 I.

342 1269 641 1308 GRAVISSIMI
681 1271 842 1309 MORBI
890 1272 972 1310 SUI
1012 1272 1295 1311 OCCASIONE
1341 1272 1492 1310 MISSA

411 1682 801 1735 Reverende
843 1683 911 1734 in
950 1683 1218 1736 Christo
1257 1682 1487 1747 Pater,

549 1812 604 1867 P.
647 1812 700 1867 C.

206 1961 433 2026 Quartus
461 1962 588 2030 iam,
619 1963 919 2020 Reverendi
959 1965 1139 2020 Patres
1179 1966 1216 2019 F
1221 1974 1500 2035 ratresque
1539 1967 1698 2022 caris-

137 2061 279 2130 simi,
320 2064 714 2132 praeterlapsus
754 2073 832 2119 est
871 2066 1087 2133 mensis,
1119 2084 1179 2120 ex
1206 2083 1313 2134 quo
1340 2066 1477 2122 Deus
1510 2067 1698 2135 digna-

137 2169 221 2215 tus
265 2169 342 2216 est
394 2179 479 2217 me
527 2162 849 2230 gravissimo
900 2165 1090 2219 morbo
1144 2165 1376 2220 visitare.
1431 2166 1695 2235 Quicquid

137 2261 358 2315 scientia
403 2270 454 2316 et
497 2280 581 2316 ars
627 2263 835 2317 medica
878 2263 1298 2332 praecipiebant,
1346 2265 1508 2320 etiam
1554 2266 1697 2320 iuxta

137 2361 504 2416 recentissima
543 2361 775 2428 inventa,
819 2373 877 2417 ut
914 2363 1196 2431 pristinam
1235 2365 1517 2420 sanitatem
1549 2384 1697 2420 reeu-

137 2479 402 2529 perarem,
472 2462 617 2515 nulla
685 2471 998 2530 sumptuum
1064 2481 1122 2518 ae
1183 2464 1428 2519 laborum
1490 2466 1696 2520 ratione

136 2560 336 2628 habita,
380 2561 560 2616 Patres
603 2561 919 2617 Assistentes
964 2580 1062 2631 pro
1101 2563 1295 2618 eximia
1332 2583 1426 2619 sua
1477 2565 1696 2620 caritate

136 2659 365 2729 experiri
409 2678 468 2714 ae
511 2660 803 2728 periclitari
844 2664 1143 2717 voluerunt.

203 2761 308 2814 Nec
334 2759 713 2828 praetermissa
738 2770 861 2816 sunt
897 2763 1079 2817 divina
1106 2763 1433 2832 adiumenta,
1464 2765 1530 2819 ad
1558 2782 1695 2832 quae

137 2859 305 2914 immo
341 2860 421 2913 vel
460 2859 525 2914 ab
563 2859 680 2927 ipso
708 2861 882 2915 morbi
910 2863 1128 2917 exordio
1155 2862 1210 2917 in
1237 2864 1427 2931 primis
1454 2863 1695 2931 confugi-

137 2976 274 3013 muS.
318 2959 546 3026 Etenim,
590 2959 653 3013 iis
692 2960 970 3016 humiliter
1008 2963 1219 3017 omissis
1271 2981 1408 3031 quae
1458 2981 1695 3018 summo-

136 3076 257 3113 rum
320 3059 560 3114 virorum
626 3059 817 3114 caritas
879 3079 976 3129 pro
1040 3079 1126 3116 me
1192 3062 1466 3117 immerito
1522 3063 1693 3116 facere

137 3157 354 3225 dignata
402 3165 498 3224 est,
541 3157 594 3211 in
639 3158 887 3214 universa
931 3158 1190 3215 Societate
1241 3160 1409 3215 nostri
1447 3161 1690 3215 certatim

245 3260 463 3306 Tomi-IV.
1530 3262 1584 3306 Ξῖ).
