<?xml version="1.0" encoding="UTF-8"?>
<!DOCTYPE html PUBLIC "-//W3C//DTD XHTML 1.0 Transitional//EN"
    "http://www.w3.org/TR/xhtml1/DTD/xhtml1-transitional.dtd">
<html xmlns="http://www.w3.org/1999/xhtml" xml:lang="en" lang="en">
 <head>
  <title>
</title>
<meta http-equiv="Content-Type" content="text/html;charset=utf-8" />
  <meta name='ocr-system' content='tesseract 3.04.00' />
  <meta name='ocr-capabilities' content='ocr_page ocr_carea ocr_par ocr_line ocrx_word'/>
</head>
<body>
  <div class='ocr_page' id='page_1' title='image "./epistolaepraepos04jesu_0053.png"; bbox 0 0 2315 3559; ppageno 0'>
   <div class='ocr_carea' id='block_1_1' title="bbox 329 224 1745 277">
    <p class='ocr_par' dir='ltr' id='par_1_1' title="bbox 329 224 1745 277">
     <span class='ocr_line' id='line_1_1' title="bbox 329 224 1745 277; baseline 0.001 -1"><span class='ocrx_word' id='word_1_1' title='bbox 329 239 396 276; x_wconf 87' lang='lat' dir='ltr'>DE</span> <span class='ocrx_word' id='word_1_2' title='bbox 422 239 500 275; x_wconf 79' lang='grc' dir='ltr'>ΒΒ.</span> <span class='ocrx_word' id='word_1_3' title='bbox 532 237 658 274; x_wconf 78' lang='lat' dir='ltr'>Emi.</span> <span class='ocrx_word' id='word_1_4' title='bbox 690 235 939 273; x_wconf 71' lang='lat' dir='ltr'>CAMPIANI</span> <span class='ocrx_word' id='word_1_5' title='bbox 968 236 1030 272; x_wconf 88' lang='lat' dir='ltr'>ET</span> <span class='ocrx_word' id='word_1_6' title='bbox 1057 236 1319 274; x_wconf 71' lang='lat' dir='ltr'>somonun</span> <span class='ocrx_word' id='word_1_7' title='bbox 1351 237 1614 275; x_wconf 68' lang='lat' dir='ltr'>marmio</span> <span class='ocrx_word' id='word_1_8' title='bbox 1685 224 1745 277; x_wconf 72' lang='lat'>41</span> 
     </span>
    </p>
   </div>
   <div class='ocr_carea' id='block_1_2' title="bbox 167 379 1754 3216">
    <p class='ocr_par' dir='ltr' id='par_1_2' title="bbox 180 379 1754 1534">
     <span class='ocr_line' id='line_1_2' title="bbox 191 379 1752 447; baseline -0.001 -11"><span class='ocrx_word' id='word_1_9' title='bbox 191 400 339 447; x_wconf 90' lang='lat' dir='ltr'>num,</span> <span class='ocrx_word' id='word_1_10' title='bbox 381 389 616 446; x_wconf 72' lang='lat' dir='ltr'>enervat,</span> <span class='ocrx_word' id='word_1_11' title='bbox 650 380 923 434; x_wconf 88' lang='lat' dir='ltr'>interdum</span> <span class='ocrx_word' id='word_1_12' title='bbox 959 387 1142 434; x_wconf 88' lang='lat' dir='ltr'>enecat</span> <span class='ocrx_word' id='word_1_13' title='bbox 1175 379 1405 447; x_wconf 84' lang='lat' dir='ltr'>penitus.</span> <span class='ocrx_word' id='word_1_14' title='bbox 1455 380 1585 434; x_wconf 91' lang='lat' dir='ltr'>Cum</span> <span class='ocrx_word' id='word_1_15' title='bbox 1626 399 1752 435; x_wconf 74' lang='lat' dir='ltr'>vero</span> 
     </span>
     <span class='ocr_line' id='line_1_3' title="bbox 191 476 1750 546; baseline 0.001 -15"><span class='ocrx_word' id='word_1_16' title='bbox 191 479 258 532; x_wconf 85' lang='lat' dir='ltr'>sit</span> <span class='ocrx_word' id='word_1_17' title='bbox 319 478 595 546; x_wconf 78' lang='lat' dir='ltr'>multiplex</span> <span class='ocrx_word' id='word_1_18' title='bbox 654 476 820 531; x_wconf 91' lang='lat' dir='ltr'>animi</span> <span class='ocrx_word' id='word_1_19' title='bbox 882 477 1092 543; x_wconf 81' lang='lat' dir='ltr'>effusio,</span> <span class='ocrx_word' id='word_1_20' title='bbox 1151 495 1289 545; x_wconf 90' lang='lat' dir='ltr'>quae</span> <span class='ocrx_word' id='word_1_21' title='bbox 1350 496 1410 530; x_wconf 85' lang='lat' dir='ltr'>ex</span> <span class='ocrx_word' id='word_1_22' title='bbox 1465 486 1750 545; x_wconf 86' lang='lat' dir='ltr'>parentum</span> 
     </span>
     <span class='ocr_line' id='line_1_4' title="bbox 188 575 1754 643; baseline -0.001 -13"><span class='ocrx_word' id='word_1_23' title='bbox 188 576 573 630; x_wconf 90' lang='lat' dir='ltr'>consuetudine</span> <span class='ocrx_word' id='word_1_24' title='bbox 604 575 858 640; x_wconf 86' lang='lat' dir='ltr'>nascitur,</span> <span class='ocrx_word' id='word_1_25' title='bbox 894 593 1002 643; x_wconf 86' lang='lat' dir='ltr'>quo</span> <span class='ocrx_word' id='word_1_26' title='bbox 1030 575 1246 629; x_wconf 78' lang='lat' dir='ltr'>suavior</span> <span class='ocrx_word' id='word_1_27' title='bbox 1278 576 1385 640; x_wconf 84' lang='lat' dir='ltr'>illa,</span> <span class='ocrx_word' id='word_1_28' title='bbox 1427 593 1489 629; x_wconf 90' lang='lat' dir='ltr'>eo</span> <span class='ocrx_word' id='word_1_29' title='bbox 1525 584 1603 629; x_wconf 81' lang='lat' dir='ltr'>est</span> <span class='ocrx_word' id='word_1_30' title='bbox 1635 594 1754 643; x_wconf 90' lang='lat' dir='ltr'>per-</span> 
     </span>
     <span class='ocr_line' id='line_1_5' title="bbox 187 674 1753 741; baseline 0 -12"><span class='ocrx_word' id='word_1_31' title='bbox 187 675 457 729; x_wconf 90' lang='lat' dir='ltr'>niciosior.</span> <span class='ocrx_word' id='word_1_32' title='bbox 489 675 735 741; x_wconf 79' lang='lat' dir='ltr'>Magnam</span> <span class='ocrx_word' id='word_1_33' title='bbox 763 674 907 728; x_wconf 91' lang='lat' dir='ltr'>enim</span> <span class='ocrx_word' id='word_1_34' title='bbox 933 674 1038 728; x_wconf 82' lang='lat' dir='ltr'>vim</span> <span class='ocrx_word' id='word_1_35' title='bbox 1060 675 1260 728; x_wconf 89' lang='lat' dir='ltr'>habent</span> <span class='ocrx_word' id='word_1_36' title='bbox 1293 683 1556 741; x_wconf 86' lang='lat' dir='ltr'>aspectus,</span> <span class='ocrx_word' id='word_1_37' title='bbox 1589 676 1753 729; x_wconf 89' lang='lat' dir='ltr'>collo-</span> 
     </span>
     <span class='ocr_line' id='line_1_6' title="bbox 187 772 1751 840; baseline 0 -14"><span class='ocrx_word' id='word_1_38' title='bbox 187 773 395 840; x_wconf 87' lang='lat' dir='ltr'>quium,</span> <span class='ocrx_word' id='word_1_39' title='bbox 434 774 613 828; x_wconf 80' lang='lat' dir='ltr'>dulces</span> <span class='ocrx_word' id='word_1_40' title='bbox 651 790 943 839; x_wconf 80' lang='lat' dir='ltr'>sermoneS,</span> <span class='ocrx_word' id='word_1_41' title='bbox 985 772 1213 839; x_wconf 78' lang='lat' dir='ltr'>litterae,</span> <span class='ocrx_word' id='word_1_42' title='bbox 1256 791 1499 839; x_wconf 89' lang='lat' dir='ltr'>munera,</span> <span class='ocrx_word' id='word_1_43' title='bbox 1541 773 1751 827; x_wconf 89' lang='lat' dir='ltr'>blandi-</span> 
     </span>
     <span class='ocr_line' id='line_1_7' title="bbox 186 871 1750 939; baseline 0 -14"><span class='ocrx_word' id='word_1_44' title='bbox 186 872 308 925; x_wconf 84' lang='lat' dir='ltr'>tiae.</span> <span class='ocrx_word' id='word_1_45' title='bbox 340 872 538 925; x_wconf 91' lang='lat' dir='ltr'>Domus</span> <span class='ocrx_word' id='word_1_46' title='bbox 566 872 680 939; x_wconf 88' lang='lat' dir='ltr'>ipsa</span> <span class='ocrx_word' id='word_1_47' title='bbox 707 871 879 939; x_wconf 88' lang='lat' dir='ltr'>patria</span> <span class='ocrx_word' id='word_1_48' title='bbox 906 888 1013 925; x_wconf 91' lang='lat' dir='ltr'>non</span> <span class='ocrx_word' id='word_1_49' title='bbox 1040 871 1361 925; x_wconf 76' lang='lat' dir='ltr'>memoriam</span> <span class='ocrx_word' id='word_1_50' title='bbox 1390 873 1563 924; x_wconf 90' lang='lat' dir='ltr'>solum</span> <span class='ocrx_word' id='word_1_51' title='bbox 1591 872 1750 925; x_wconf 76' lang='lat' dir='ltr'>affert</span> 
     </span>
     <span class='ocr_line' id='line_1_8' title="bbox 185 969 1747 1038; baseline -0.001 -14"><span class='ocrx_word' id='word_1_52' title='bbox 185 988 391 1036; x_wconf 90' lang='lat' dir='ltr'>eorum,</span> <span class='ocrx_word' id='word_1_53' title='bbox 416 987 551 1037; x_wconf 90' lang='lat' dir='ltr'>quos</span> <span class='ocrx_word' id='word_1_54' title='bbox 578 970 632 1023; x_wconf 92' lang='lat' dir='ltr'>in</span> <span class='ocrx_word' id='word_1_55' title='bbox 659 988 719 1024; x_wconf 92' lang='lat' dir='ltr'>ea</span> <span class='ocrx_word' id='word_1_56' title='bbox 746 970 1118 1038; x_wconf 75' lang='lat' dir='ltr'>conspeximus</span> <span class='ocrx_word' id='word_1_57' title='bbox 1147 978 1198 1024; x_wconf 84' lang='lat' dir='ltr'>et</span> <span class='ocrx_word' id='word_1_58' title='bbox 1225 970 1420 1037; x_wconf 85' lang='lat' dir='ltr'>quibus</span> <span class='ocrx_word' id='word_1_59' title='bbox 1451 969 1531 1023; x_wconf 89' lang='lat' dir='ltr'>usi</span> <span class='ocrx_word' id='word_1_60' title='bbox 1562 988 1747 1023; x_wconf 87' lang='lat' dir='ltr'>sumus</span> 
     </span>
     <span class='ocr_line' id='line_1_9' title="bbox 184 1068 1746 1136; baseline 0 -14"><span class='ocrx_word' id='word_1_61' title='bbox 184 1069 557 1135; x_wconf 79' lang='lat' dir='ltr'>familiarihuS,</span> <span class='ocrx_word' id='word_1_62' title='bbox 611 1071 701 1123; x_wconf 89' lang='lat' dir='ltr'>sed</span> <span class='ocrx_word' id='word_1_63' title='bbox 753 1086 842 1122; x_wconf 88' lang='lat' dir='ltr'>eos</span> <span class='ocrx_word' id='word_1_64' title='bbox 892 1069 1036 1136; x_wconf 85' lang='lat' dir='ltr'>ipsos</span> <span class='ocrx_word' id='word_1_65' title='bbox 1086 1069 1299 1122; x_wconf 68' lang='lat' dir='ltr'>videtur</span> <span class='ocrx_word' id='word_1_66' title='bbox 1348 1068 1401 1122; x_wconf 91' lang='lat' dir='ltr'>in</span> <span class='ocrx_word' id='word_1_67' title='bbox 1451 1077 1746 1136; x_wconf 85' lang='lat' dir='ltr'>conspectu</span> 
     </span>
     <span class='ocr_line' id='line_1_10' title="bbox 182 1167 1742 1236; baseline -0.001 -14"><span class='ocrx_word' id='word_1_68' title='bbox 182 1176 364 1223; x_wconf 82' lang='lat' dir='ltr'>nostro</span> <span class='ocrx_word' id='word_1_69' title='bbox 392 1186 607 1236; x_wconf 90' lang='lat' dir='ltr'>ponere.</span> <span class='ocrx_word' id='word_1_70' title='bbox 632 1168 796 1221; x_wconf 85' lang='lat' dir='ltr'>Tanta</span> <span class='ocrx_word' id='word_1_71' title='bbox 824 1167 902 1222; x_wconf 81' lang='lat' dir='ltr'>vis</span> <span class='ocrx_word' id='word_1_72' title='bbox 929 1167 1315 1222; x_wconf 85' lang='lat' dir='ltr'>admonitionis</span> <span class='ocrx_word' id='word_1_73' title='bbox 1344 1167 1482 1221; x_wconf 88' lang='lat' dir='ltr'>inest</span> <span class='ocrx_word' id='word_1_74' title='bbox 1508 1168 1561 1221; x_wconf 90' lang='lat' dir='ltr'>in</span> <span class='ocrx_word' id='word_1_75' title='bbox 1589 1167 1742 1221; x_wconf 75' lang='lat' dir='ltr'>locis,</span> 
     </span>
     <span class='ocr_line' id='line_1_11' title="bbox 182 1266 1746 1334; baseline -0.001 -13"><span class='ocrx_word' id='word_1_76' title='bbox 182 1268 422 1321; x_wconf 81' lang='lat' dir='ltr'>Pericula</span> <span class='ocrx_word' id='word_1_77' title='bbox 465 1267 589 1321; x_wconf 91' lang='lat' dir='ltr'>inde</span> <span class='ocrx_word' id='word_1_78' title='bbox 638 1267 801 1334; x_wconf 88' lang='lat' dir='ltr'>nasci,</span> <span class='ocrx_word' id='word_1_79' title='bbox 856 1268 1053 1321; x_wconf 90' lang='lat' dir='ltr'>damna</span> <span class='ocrx_word' id='word_1_80' title='bbox 1103 1267 1353 1320; x_wconf 86' lang='lat' dir='ltr'>Societati</span> <span class='ocrx_word' id='word_1_81' title='bbox 1405 1266 1591 1320; x_wconf 79' lang='lat' dir='ltr'>inferri</span> <span class='ocrx_word' id='word_1_82' title='bbox 1638 1284 1746 1320; x_wconf 93' lang='lat' dir='ltr'>non</span> 
     </span>
     <span class='ocr_line' id='line_1_12' title="bbox 180 1365 1744 1434; baseline -0.001 -15"><span class='ocrx_word' id='word_1_83' title='bbox 180 1366 316 1420; x_wconf 84' lang='lat' dir='ltr'>levia</span> <span class='ocrx_word' id='word_1_84' title='bbox 360 1366 413 1419; x_wconf 91' lang='lat' dir='ltr'>in</span> <span class='ocrx_word' id='word_1_85' title='bbox 452 1374 636 1434; x_wconf 82' lang='lat' dir='ltr'>aperto</span> <span class='ocrx_word' id='word_1_86' title='bbox 674 1374 769 1420; x_wconf 88' lang='lat' dir='ltr'>est.</span> <span class='ocrx_word' id='word_1_87' title='bbox 812 1367 946 1420; x_wconf 91' lang='lat' dir='ltr'>lllud</span> <span class='ocrx_word' id='word_1_88' title='bbox 985 1375 1212 1431; x_wconf 88' lang='lat' dir='ltr'>certum,</span> <span class='ocrx_word' id='word_1_89' title='bbox 1257 1365 1398 1418; x_wconf 81' lang='lat' dir='ltr'>viros</span> <span class='ocrx_word' id='word_1_90' title='bbox 1438 1365 1744 1433; x_wconf 81' lang='lat' dir='ltr'>spirituales</span> 
     </span>
     <span class='ocr_line' id='line_1_13' title="bbox 180 1465 1164 1534; baseline 0 -16"><span class='ocrx_word' id='word_1_91' title='bbox 180 1483 286 1519; x_wconf 93' lang='lat' dir='ltr'>non</span> <span class='ocrx_word' id='word_1_92' title='bbox 313 1465 529 1534; x_wconf 89' lang='lat' dir='ltr'>prodire</span> <span class='ocrx_word' id='word_1_93' title='bbox 557 1484 616 1519; x_wconf 90' lang='lat' dir='ltr'>ex</span> <span class='ocrx_word' id='word_1_94' title='bbox 636 1483 793 1520; x_wconf 88' lang='lat' dir='ltr'>carne</span> <span class='ocrx_word' id='word_1_95' title='bbox 815 1473 866 1519; x_wconf 88' lang='lat' dir='ltr'>et</span> <span class='ocrx_word' id='word_1_96' title='bbox 886 1465 1164 1532; x_wconf 84' lang='lat' dir='ltr'>sanguine.</span> 
     </span>
    </p>

    <p class='ocr_par' dir='ltr' id='par_1_3' title="bbox 171 1563 1743 2325">
     <span class='ocr_line' id='line_1_14' title="bbox 245 1563 1743 1632; baseline -0.001 -15"><span class='ocrx_word' id='word_1_97' title='bbox 245 1564 552 1618; x_wconf 89' lang='lat' dir='ltr'>Tridentina</span> <span class='ocrx_word' id='word_1_98' title='bbox 574 1566 804 1632; x_wconf 78' lang='lat' dir='ltr'>synodus</span> <span class='ocrx_word' id='word_1_99' title='bbox 826 1566 1091 1632; x_wconf 82' lang='lat' dir='ltr'>praelatos</span> <span class='ocrx_word' id='word_1_100' title='bbox 1112 1571 1444 1631; x_wconf 82' lang='lat' dir='ltr'>ceterosque,</span> <span class='ocrx_word' id='word_1_101' title='bbox 1463 1563 1556 1631; x_wconf 93' lang='lat' dir='ltr'>qui</span> <span class='ocrx_word' id='word_1_102' title='bbox 1578 1565 1743 1617; x_wconf 92' lang='lat' dir='ltr'>eccle-</span> 
     </span>
     <span class='ocr_line' id='line_1_15' title="bbox 176 1662 1741 1730; baseline 0.001 -15"><span class='ocrx_word' id='word_1_103' title='bbox 176 1663 388 1717; x_wconf 88' lang='lat' dir='ltr'>siastica</span> <span class='ocrx_word' id='word_1_104' title='bbox 430 1663 689 1717; x_wconf 85' lang='lat' dir='ltr'>beneficia</span> <span class='ocrx_word' id='word_1_105' title='bbox 734 1663 996 1729; x_wconf 84' lang='lat' dir='ltr'>obtinent,</span> <span class='ocrx_word' id='word_1_106' title='bbox 1036 1678 1061 1711; x_wconf 62' lang='lat'>&lt;1</span> <span class='ocrx_word' id='word_1_107' title='bbox 1092 1681 1256 1730; x_wconf 90' lang='lat' dir='ltr'>quam</span> <span class='ocrx_word' id='word_1_108' title='bbox 1296 1662 1526 1716; x_wconf 83' lang='lat' dir='ltr'>maxime</span> <span class='ocrx_word' id='word_1_109' title='bbox 1566 1670 1741 1730; x_wconf 84' lang='lat' dir='ltr'>potest</span> 
     </span>
     <span class='ocr_line' id='line_1_16' title="bbox 177 1761 1736 1829; baseline 0.001 -16"><span class='ocrx_word' id='word_1_110' title='bbox 177 1780 203 1814; x_wconf 86' lang='grc'>))</span> <span class='ocrx_word' id='word_1_111' title='bbox 242 1761 395 1829; x_wconf 84' lang='lat' dir='ltr'>(haec</span> <span class='ocrx_word' id='word_1_112' title='bbox 422 1770 545 1816; x_wconf 83' lang='lat' dir='ltr'>sunt</span> <span class='ocrx_word' id='word_1_113' title='bbox 573 1761 820 1828; x_wconf 75' lang='lat' dir='ltr'>verba)...</span> <span class='ocrx_word' id='word_1_114' title='bbox 852 1769 1052 1828; x_wconf 89' lang='lat' dir='ltr'>monet,</span> <span class='ocrx_word' id='word_1_115' title='bbox 1083 1770 1142 1815; x_wconf 89' lang='lat' dir='ltr'>ut</span> <span class='ocrx_word' id='word_1_116' title='bbox 1179 1779 1397 1816; x_wconf 86' lang='lat' dir='ltr'>omnem</span> <span class='ocrx_word' id='word_1_117' title='bbox 1436 1762 1736 1815; x_wconf 89' lang='lat' dir='ltr'>humanum</span> 
     </span>
     <span class='ocr_line' id='line_1_17' title="bbox 176 1861 1736 1930; baseline 0.001 -17"><span class='ocrx_word' id='word_1_118' title='bbox 176 1880 202 1913; x_wconf 85' lang='grc'>)&gt;</span> <span class='ocrx_word' id='word_1_119' title='bbox 243 1861 383 1916; x_wconf 93' lang='lat' dir='ltr'>hunc</span> <span class='ocrx_word' id='word_1_120' title='bbox 417 1880 543 1927; x_wconf 83' lang='lat' dir='ltr'>erga</span> <span class='ocrx_word' id='word_1_121' title='bbox 574 1862 782 1928; x_wconf 79' lang='lat' dir='ltr'>fratreS,</span> <span class='ocrx_word' id='word_1_122' title='bbox 813 1869 1052 1930; x_wconf 79' lang='lat' dir='ltr'>nepoteS,</span> <span class='ocrx_word' id='word_1_123' title='bbox 1089 1861 1532 1929; x_wconf 85' lang='lat' dir='ltr'>propinquosque</span> <span class='ocrx_word' id='word_1_124' title='bbox 1558 1861 1736 1915; x_wconf 89' lang='lat' dir='ltr'>carnis</span> 
     </span>
     <span class='ocr_line' id='line_1_18' title="bbox 176 1960 1738 2026; baseline 0.001 -14"><span class='ocrx_word' id='word_1_125' title='bbox 176 1979 201 2012; x_wconf 85' lang='lat'>)&gt;</span> <span class='ocrx_word' id='word_1_126' title='bbox 242 1960 512 2026; x_wconf 81' lang='lat' dir='ltr'>affectum,</span> <span class='ocrx_word' id='word_1_127' title='bbox 560 1962 702 2015; x_wconf 90' lang='lat' dir='ltr'>unde</span> <span class='ocrx_word' id='word_1_128' title='bbox 752 1963 1046 2014; x_wconf 89' lang='lat' dir='ltr'>multorum</span> <span class='ocrx_word' id='word_1_129' title='bbox 1092 1962 1359 2014; x_wconf 91' lang='lat' dir='ltr'>malorum</span> <span class='ocrx_word' id='word_1_130' title='bbox 1405 1960 1458 2013; x_wconf 91' lang='lat' dir='ltr'>in</span> <span class='ocrx_word' id='word_1_131' title='bbox 1504 1960 1738 2014; x_wconf 84' lang='lat' dir='ltr'>Ecclesia</span> 
     </span>
     <span class='ocr_line' id='line_1_19' title="bbox 175 2059 1737 2128; baseline 0.001 -18"><span class='ocrx_word' id='word_1_132' title='bbox 175 2078 199 2110; x_wconf 88' lang='grc'>))</span> <span class='ocrx_word' id='word_1_133' title='bbox 240 2059 589 2113; x_wconf 88' lang='lat' dir='ltr'>seminarium</span> <span class='ocrx_word' id='word_1_134' title='bbox 617 2068 803 2126; x_wconf 82' lang='lat' dir='ltr'>exstat,</span> <span class='ocrx_word' id='word_1_135' title='bbox 821 2059 1034 2128; x_wconf 86' lang='lat' dir='ltr'>penitus</span> <span class='ocrx_word' id='word_1_136' title='bbox 1056 2061 1344 2127; x_wconf 86' lang='lat' dir='ltr'>deponant.</span> <span class='ocrx_word' id='word_1_137' title='bbox 1367 2078 1392 2111; x_wconf 83' lang='grc'>))</span> <span class='ocrx_word' id='word_1_138' title='bbox 1415 2059 1565 2122; x_wconf 81' lang='lat' dir='ltr'>Quod</span> <span class='ocrx_word' id='word_1_139' title='bbox 1585 2059 1628 2112; x_wconf 91' lang='lat' dir='ltr'>si</span> <span class='ocrx_word' id='word_1_140' title='bbox 1651 2059 1737 2113; x_wconf 89' lang='lat' dir='ltr'>hic</span> 
     </span>
     <span class='ocr_line' id='line_1_20' title="bbox 171 2158 1734 2226; baseline 0.001 -15"><span class='ocrx_word' id='word_1_141' title='bbox 171 2158 390 2212; x_wconf 84' lang='lat' dir='ltr'>affectus</span> <span class='ocrx_word' id='word_1_142' title='bbox 422 2161 717 2213; x_wconf 88' lang='lat' dir='ltr'>multorum</span> <span class='ocrx_word' id='word_1_143' title='bbox 745 2159 799 2213; x_wconf 91' lang='lat' dir='ltr'>in</span> <span class='ocrx_word' id='word_1_144' title='bbox 827 2159 1059 2213; x_wconf 87' lang='lat' dir='ltr'>Ecclesia</span> <span class='ocrx_word' id='word_1_145' title='bbox 1098 2166 1149 2213; x_wconf 86' lang='lat' dir='ltr'>et</span> <span class='ocrx_word' id='word_1_146' title='bbox 1179 2158 1234 2212; x_wconf 90' lang='lat' dir='ltr'>in</span> <span class='ocrx_word' id='word_1_147' title='bbox 1265 2158 1491 2223; x_wconf 79' lang='lat' dir='ltr'>clericiS,</span> <span class='ocrx_word' id='word_1_148' title='bbox 1531 2167 1734 2226; x_wconf 86' lang='lat' dir='ltr'>quanto</span> 
     </span>
     <span class='ocr_line' id='line_1_21' title="bbox 171 2256 1730 2325; baseline 0.001 -14"><span class='ocrx_word' id='word_1_149' title='bbox 171 2258 343 2324; x_wconf 83' lang='lat' dir='ltr'>magis</span> <span class='ocrx_word' id='word_1_150' title='bbox 370 2258 424 2312; x_wconf 92' lang='lat' dir='ltr'>in</span> <span class='ocrx_word' id='word_1_151' title='bbox 451 2259 703 2325; x_wconf 80' lang='lat' dir='ltr'>religioso</span> <span class='ocrx_word' id='word_1_152' title='bbox 726 2258 932 2325; x_wconf 91' lang='lat' dir='ltr'>ordine,</span> <span class='ocrx_word' id='word_1_153' title='bbox 958 2259 1226 2312; x_wconf 85' lang='lat' dir='ltr'>malorum</span> <span class='ocrx_word' id='word_1_154' title='bbox 1253 2256 1605 2312; x_wconf 91' lang='lat' dir='ltr'>seminarium</span> <span class='ocrx_word' id='word_1_155' title='bbox 1633 2267 1730 2312; x_wconf 89' lang='lat' dir='ltr'>est.</span> 
     </span>
    </p>

    <p class='ocr_par' dir='ltr' id='par_1_4' title="bbox 167 2357 1732 3216">
     <span class='ocr_line' id='line_1_22' title="bbox 238 2357 1732 2426; baseline 0 -15"><span class='ocrx_word' id='word_1_156' title='bbox 238 2357 442 2411; x_wconf 87' lang='lat' dir='ltr'>Obsunt</span> <span class='ocrx_word' id='word_1_157' title='bbox 495 2358 660 2423; x_wconf 91' lang='lat' dir='ltr'>enim,</span> <span class='ocrx_word' id='word_1_158' title='bbox 691 2358 784 2426; x_wconf 91' lang='lat' dir='ltr'>qui</span> <span class='ocrx_word' id='word_1_159' title='bbox 828 2358 997 2411; x_wconf 91' lang='lat' dir='ltr'>nimia</span> <span class='ocrx_word' id='word_1_160' title='bbox 1046 2366 1330 2426; x_wconf 82' lang='lat' dir='ltr'>parentum</span> <span class='ocrx_word' id='word_1_161' title='bbox 1370 2357 1732 2412; x_wconf 86' lang='lat' dir='ltr'>sollicitudine</span> 
     </span>
     <span class='ocr_line' id='line_1_23' title="bbox 171 2457 1732 2525; baseline 0.002 -16"><span class='ocrx_word' id='word_1_162' title='bbox 171 2463 482 2522; x_wconf 82' lang='lat' dir='ltr'>tanguntur,</span> <span class='ocrx_word' id='word_1_163' title='bbox 512 2458 754 2525; x_wconf 83' lang='lat' dir='ltr'>exemplo</span> <span class='ocrx_word' id='word_1_164' title='bbox 785 2475 880 2510; x_wconf 92' lang='lat' dir='ltr'>suo</span> <span class='ocrx_word' id='word_1_165' title='bbox 916 2457 1188 2511; x_wconf 81' lang='lat' dir='ltr'>fratribus,</span> <span class='ocrx_word' id='word_1_166' title='bbox 1227 2458 1299 2511; x_wconf 87' lang='lat' dir='ltr'>Ex</span> <span class='ocrx_word' id='word_1_167' title='bbox 1333 2457 1416 2510; x_wconf 90' lang='lat' dir='ltr'>his</span> <span class='ocrx_word' id='word_1_168' title='bbox 1451 2457 1540 2510; x_wconf 88' lang='lat' dir='ltr'>alii</span> <span class='ocrx_word' id='word_1_169' title='bbox 1573 2475 1732 2525; x_wconf 83' lang='lat' dir='ltr'>aegre</span> 
     </span>
     <span class='ocr_line' id='line_1_24' title="bbox 170 2554 1730 2623; baseline 0.002 -16"><span class='ocrx_word' id='word_1_170' title='bbox 170 2555 346 2608; x_wconf 85' lang='lat' dir='ltr'>ferunt</span> <span class='ocrx_word' id='word_1_171' title='bbox 390 2554 507 2608; x_wconf 92' lang='lat' dir='ltr'>illos</span> <span class='ocrx_word' id='word_1_172' title='bbox 553 2556 776 2610; x_wconf 91' lang='lat' dir='ltr'>modum</span> <span class='ocrx_word' id='word_1_173' title='bbox 825 2557 1095 2623; x_wconf 86' lang='lat' dir='ltr'>excedere,</span> <span class='ocrx_word' id='word_1_174' title='bbox 1133 2556 1242 2623; x_wconf 86' lang='lat' dir='ltr'>alii,</span> <span class='ocrx_word' id='word_1_175' title='bbox 1284 2564 1342 2609; x_wconf 86' lang='lat' dir='ltr'>ut</span> <span class='ocrx_word' id='word_1_176' title='bbox 1380 2557 1568 2610; x_wconf 86' lang='lat' dir='ltr'>eadem</span> <span class='ocrx_word' id='word_1_177' title='bbox 1606 2575 1730 2610; x_wconf 88' lang='lat' dir='ltr'>curn</span> 
     </span>
     <span class='ocr_line' id='line_1_25' title="bbox 169 2653 1726 2722; baseline 0.001 -15"><span class='ocrx_word' id='word_1_178' title='bbox 169 2653 486 2721; x_wconf 90' lang='lat' dir='ltr'>propinquis</span> <span class='ocrx_word' id='word_1_179' title='bbox 514 2654 707 2719; x_wconf 80' lang='lat' dir='ltr'>agendi</span> <span class='ocrx_word' id='word_1_180' title='bbox 727 2654 946 2708; x_wconf 91' lang='lat' dir='ltr'>libertas</span> <span class='ocrx_word' id='word_1_181' title='bbox 967 2654 1068 2708; x_wconf 88' lang='lat' dir='ltr'>sibi</span> <span class='ocrx_word' id='word_1_182' title='bbox 1089 2656 1415 2709; x_wconf 84' lang='lat' dir='ltr'>concedatur</span> <span class='ocrx_word' id='word_1_183' title='bbox 1436 2656 1726 2722; x_wconf 82' lang='lat' dir='ltr'>postulant.</span> 
     </span>
     <span class='ocr_line' id='line_1_26' title="bbox 167 2750 1732 2820; baseline 0.002 -16"><span class='ocrx_word' id='word_1_184' title='bbox 167 2750 219 2804; x_wconf 83' lang='lat' dir='ltr'>Si</span> <span class='ocrx_word' id='word_1_185' title='bbox 259 2753 478 2805; x_wconf 77' lang='lat' dir='ltr'>facultas</span> <span class='ocrx_word' id='word_1_186' title='bbox 518 2751 723 2806; x_wconf 76' lang='lat' dir='ltr'>visendi</span> <span class='ocrx_word' id='word_1_187' title='bbox 762 2760 1006 2819; x_wconf 84' lang='lat' dir='ltr'>negatur,</span> <span class='ocrx_word' id='word_1_188' title='bbox 1048 2762 1307 2819; x_wconf 86' lang='lat' dir='ltr'>maerent,</span> <span class='ocrx_word' id='word_1_189' title='bbox 1348 2771 1475 2807; x_wconf 71' lang='lat' dir='ltr'>voce</span> <span class='ocrx_word' id='word_1_190' title='bbox 1513 2761 1565 2807; x_wconf 83' lang='lat' dir='ltr'>et</span> <span class='ocrx_word' id='word_1_191' title='bbox 1601 2771 1732 2820; x_wconf 89' lang='lat' dir='ltr'>que-</span> 
     </span>
     <span class='ocr_line' id='line_1_27' title="bbox 168 2849 1722 2919; baseline 0.001 -17"><span class='ocrx_word' id='word_1_192' title='bbox 168 2849 290 2903; x_wconf 89' lang='lat' dir='ltr'>relis</span> <span class='ocrx_word' id='word_1_193' title='bbox 325 2851 567 2904; x_wconf 86' lang='lat' dir='ltr'>dolorem</span> <span class='ocrx_word' id='word_1_194' title='bbox 607 2850 869 2916; x_wconf 84' lang='lat' dir='ltr'>indicant;</span> <span class='ocrx_word' id='word_1_195' title='bbox 912 2852 955 2905; x_wconf 91' lang='lat' dir='ltr'>si</span> <span class='ocrx_word' id='word_1_196' title='bbox 995 2853 1153 2905; x_wconf 89' lang='lat' dir='ltr'>datur</span> <span class='ocrx_word' id='word_1_197' title='bbox 1197 2860 1450 2919; x_wconf 64' lang='lat' dir='ltr'>potestaS,</span> <span class='ocrx_word' id='word_1_198' title='bbox 1499 2852 1620 2906; x_wconf 86' lang='lat' dir='ltr'>ilico</span> <span class='ocrx_word' id='word_1_199' title='bbox 1659 2853 1722 2906; x_wconf 85' lang='lat' dir='ltr'>ad</span> 
     </span>
     <span class='ocr_line' id='line_1_28' title="bbox 167 2949 1725 3017; baseline 0.002 -16"><span class='ocrx_word' id='word_1_200' title='bbox 167 2949 395 3016; x_wconf 83' lang='lat' dir='ltr'>patriam</span> <span class='ocrx_word' id='word_1_201' title='bbox 424 2951 646 3003; x_wconf 89' lang='lat' dir='ltr'>domum</span> <span class='ocrx_word' id='word_1_202' title='bbox 668 2952 965 3017; x_wconf 82' lang='lat' dir='ltr'>pervolant.</span> <span class='ocrx_word' id='word_1_203' title='bbox 996 2952 1143 3014; x_wconf 84' lang='lat' dir='ltr'>Quod</span> <span class='ocrx_word' id='word_1_204' title='bbox 1169 2951 1212 3004; x_wconf 92' lang='lat' dir='ltr'>si</span> <span class='ocrx_word' id='word_1_205' title='bbox 1246 2954 1576 3006; x_wconf 87' lang='lat' dir='ltr'>consuetudo</span> <span class='ocrx_word' id='word_1_206' title='bbox 1603 2970 1725 3006; x_wconf 91' lang='lat' dir='ltr'>cum</span> 
     </span>
     <span class='ocr_line' id='line_1_29' title="bbox 167 3047 1726 3118; baseline 0.001 -18"><span class='ocrx_word' id='word_1_207' title='bbox 167 3047 476 3114; x_wconf 87' lang='lat' dir='ltr'>parentibus</span> <span class='ocrx_word' id='word_1_208' title='bbox 511 3049 578 3102; x_wconf 88' lang='lat' dir='ltr'>sit</span> <span class='ocrx_word' id='word_1_209' title='bbox 611 3049 960 3116; x_wconf 83' lang='lat' dir='ltr'>frequentior,</span> <span class='ocrx_word' id='word_1_210' title='bbox 990 3068 1096 3104; x_wconf 89' lang='lat' dir='ltr'>non</span> <span class='ocrx_word' id='word_1_211' title='bbox 1123 3051 1273 3104; x_wconf 83' lang='lat' dir='ltr'>abest</span> <span class='ocrx_word' id='word_1_212' title='bbox 1306 3051 1556 3118; x_wconf 84' lang='lat' dir='ltr'>suspiciO,</span> <span class='ocrx_word' id='word_1_213' title='bbox 1587 3068 1726 3118; x_wconf 86' lang='lat' dir='ltr'>quae</span> 
     </span>
     <span class='ocr_line' id='line_1_30' title="bbox 167 3146 1726 3216; baseline 0.003 -18"><span class='ocrx_word' id='word_1_214' title='bbox 167 3146 313 3199; x_wconf 90' lang='lat' dir='ltr'>domi</span> <span class='ocrx_word' id='word_1_215' title='bbox 345 3155 595 3213; x_wconf 80' lang='lat' dir='ltr'>aguntur,</span> <span class='ocrx_word' id='word_1_216' title='bbox 630 3147 833 3202; x_wconf 81' lang='lat' dir='ltr'>effundi</span> <span class='ocrx_word' id='word_1_217' title='bbox 868 3148 922 3201; x_wconf 91' lang='lat' dir='ltr'>in</span> <span class='ocrx_word' id='word_1_218' title='bbox 953 3149 1130 3203; x_wconf 90' lang='lat' dir='ltr'>sinum</span> <span class='ocrx_word' id='word_1_219' title='bbox 1164 3149 1398 3203; x_wconf 82' lang='lat' dir='ltr'>familiae</span> <span class='ocrx_word' id='word_1_220' title='bbox 1430 3158 1481 3203; x_wconf 87' lang='lat' dir='ltr'>et</span> <span class='ocrx_word' id='word_1_221' title='bbox 1507 3148 1726 3216; x_wconf 89' lang='lat' dir='ltr'>propin-</span> 
     </span>
    </p>
   </div>
   <div class='ocr_carea' id='block_1_3' title="bbox 1827 1578 2076 1612">
    <p class='ocr_par' dir='ltr' id='par_1_5' title="bbox 1827 1578 2076 1612">
     <span class='ocr_line' id='line_1_31' title="bbox 1827 1578 2076 1612; baseline 0.012 -4"><span class='ocrx_word' id='word_1_222' title='bbox 1827 1586 1860 1608; x_wconf 81' lang='lat' dir='ltr'>s.</span> <span class='ocrx_word' id='word_1_223' title='bbox 1873 1578 1915 1609; x_wconf 82' lang='lat'>25</span> <span class='ocrx_word' id='word_1_224' title='bbox 1930 1578 1980 1610; x_wconf 76' lang='lat' dir='ltr'>rr.</span> <span class='ocrx_word' id='word_1_225' title='bbox 1997 1587 2030 1611; x_wconf 90' lang='lat' dir='ltr'>c.</span> <span class='ocrx_word' id='word_1_226' title='bbox 2045 1579 2076 1612; x_wconf 91' lang='lat'>1.</span> 
     </span>
    </p>
   </div>
  </div>
 </body>
</html>
