2315 3559
176 794 208 835 Α
246 791 506 845 parentibus

243 847 447 889 iubemur

190 902 429 950 abstinere,
448 908 494 944 ut

195 957 247 999 ad
271 957 486 999 iuvandos

213 1012 263 1055 ad
289 1012 472 1055 salutem

203 1082 482 1119 consequen-

175 1124 272 1165 dam
303 1122 504 1165 homines

190 1178 384 1221 Societas
410 1192 490 1220 nos

188 1233 347 1277 habeat
368 1247 494 1286 para-

298 1296 378 1332 tos.

261 1689 306 1732 In
331 1703 418 1741 quo

248 1758 432 1787 munere

190 1799 330 1852 magis
352 1799 481 1842 etiam

220 1854 335 1897 llcns
358 1861 458 1898 ante

257 1909 407 1953 Oculos

209 1965 455 2008 habendus.

273 2296 397 2347 Quod

245 2350 432 2394 intendit

196 2406 237 2448 S.
264 2407 472 2459 Ignatiu&

207 2461 323 2504 hunc
347 2461 462 2504 ordi-

199 2530 296 2559 nem
320 2530 471 2560 rerum

183 2571 484 2623 gerendarum

192 2627 478 2680 praefiniens,

255 2681 328 2734 qui
352 2682 405 2724 ad

237 2736 432 2780 divinum

172 2792 500 2844 quammaxime

227 2846 441 2890 accedat:

195 2914 329 2945 Const.
348 2924 385 2955 p.
404 2917 476 2947 VII

267 2964 299 2987 c.
315 2958 336 2988 2
352 2958 396 2987 D.

217 3017 264 3054 ut
294 3011 359 3062 iis,
381 3012 456 3066 qui

264 3067 411 3110 valent

198 3122 473 3172 auctoritate,

259 3176 414 3220 demus

241 3244 437 3284 operam,

549 223 616 277 46
786 240 1037 279 EPISTOLA
1074 241 1292 279 ANTONII
1331 241 1529 279 MARIAE
1566 241 1877 279 ANDERLEDY

554 404 579 437 ))
619 384 858 439 caritatis
908 403 1090 454 opera,
1132 394 1184 441 et
1227 386 1550 440 nominatim
1591 404 1685 453 per
1723 404 2018 454 puerorum
2057 405 2119 442 ac

554 504 578 537 ))
619 485 838 540 rudium
866 485 921 539 in
948 486 1350 540 christianismo
1379 486 1773 540 institutionem
1805 504 1866 539 ac
1899 486 2122 541 Christi-

552 605 578 639 »
619 586 863 641 fidelium
902 587 956 640 in
995 587 1419 641 confessionibus
1459 587 1742 641 audiendis
1782 586 2119 654 spiritualem

554 705 579 739 ))
620 687 1044 741 consolationem
1074 687 1360 755 praecipue
1389 687 1632 741 intendat
1655 706 1700 740 )>.

622 787 747 841 Ideo
774 805 804 840 a
832 795 1116 855 parentum
1138 787 1526 842 consuetudine
1553 787 1824 840 abstinere
1845 786 2115 855 iubemur,

553 894 610 940 ut
647 894 701 940 at
739 887 1096 941 iuvandosssad
1126 889 1354 941 salutem
1393 888 1830 954 consequendam
1870 886 2119 941 homines

552 995 766 1054 paratos
794 1004 889 1040 nos
918 987 1112 1040 habeat
1146 987 1380 1041 Societas
1407 995 1570 1054 atque
1597 986 1890 1054 expeditos,
1922 986 2023 1040 Sed
2052 1005 2119 1040 ne

551 1103 758 1152 eorum,
790 1104 925 1154 quos
954 1086 1138 1140 iuvare
1165 1104 1442 1153 conamur,
1475 1086 1576 1154 ipsi
1604 1086 1883 1140 imitemur
1918 1104 2116 1154 mores,

550 1204 676 1239 usus
733 1194 786 1240 et
838 1188 1144 1253 commoda,
1194 1195 1245 1240 et
1288 1205 1354 1240 ne
1399 1187 1453 1239 in
1499 1204 1558 1241 ea
1603 1205 1726 1240 cum
1771 1186 2015 1240 sensibus
2066 1195 2119 1241 et

548 1302 733 1338 amore
772 1286 1068 1351 mundano,
1100 1284 1277 1352 quiin
1312 1285 1431 1338 aliis
1466 1285 1779 1339 hominibus
1819 1293 1915 1353 est,
1960 1285 2121 1340 dimi-

546 1382 757 1437 catione
794 1383 938 1437 labes
977 1383 1132 1437 nohis
1166 1383 1348 1452 aliqua
1376 1392 1694 1452 aspergatur
1707 1403 1718 1449 ;
1750 1385 1916 1438 fixum
1944 1385 2118 1451 magis

547 1482 710 1536 etiam
749 1482 932 1536 animo
972 1500 1087 1537 esse
1125 1484 1302 1550 dehet,
1346 1485 1491 1551 quod
1532 1501 1628 1537 nos
1667 1492 1851 1538 monet
1888 1484 1938 1538 S.
1982 1485 2121 1538 Fun-

547 1583 738 1636 dator:
772 1596 797 1629 ((
845 1581 1004 1636 Curet
1053 1582 1231 1650 primo
1282 1583 1451 1637 Deum
1502 1601 1714 1651 semper
1764 1591 1886 1637 ante
1936 1585 2119 1638 oculos

549 1701 574 1733 ³)
615 1681 832 1735 habere.
861 1700 887 1733 ))
917 1681 1067 1745 Quod
1096 1690 1155 1735 ut
1180 1682 1377 1736 certius
1399 1700 1755 1749 assequamur
1773 1700 1833 1736 ac
1855 1682 2114 1750 securiuS,

547 1799 607 1835 ea
658 1799 796 1849 quae
845 1783 1055 1847 agenda
1106 1790 1247 1849 sunt,
1307 1799 1607 1850 eorumque
1662 1782 1909 1837 ordinem
1961 1782 2118 1837 nobis

546 1881 857 1950 praefinivit
900 1882 1123 1936 Sanctus
1178 1882 1351 1949 Pater,
1406 1882 1593 1949 gravia
1649 1883 1910 1936 mandans
1961 1883 2117 1937 nobis

547 1999 728 2049 opera,
772 1981 942 2036 solida
982 1989 1034 2035 et
1071 1981 1357 2049 laboriosa,
1390 1981 1617 2035 humilia
1656 1982 1819 2035 etiam
1858 1982 2112 2050 plurima,

546 2081 743 2149 quibus
793 2082 968 2136 amori
1030 2081 1254 2150 proprio
1305 2089 1357 2136 et
1406 2083 1681 2136 mundano
1744 2083 2117 2149 praecluderet

544 2181 773 2236 aditum.

612 2281 696 2336 23.
740 2282 804 2336 Et
830 2281 1089 2350 quoniam
1111 2281 1226 2350 ipse
1254 2281 1388 2335 nihil
1418 2281 1520 2335 nisi
1543 2281 1790 2335 divinum
1818 2281 2108 2349 cogitabat,

544 2382 679 2436 nihil
741 2381 845 2435 nisi
896 2390 1141 2436 sanctum
1204 2381 1556 2447 moliebatur;
1623 2381 1890 2449 divinum,
1938 2390 1997 2436 ut
2040 2381 2115 2435 ita

544 2481 741 2549 dicam,
783 2489 1030 2535 nostrum
1066 2481 1326 2550 operandi
1366 2482 1590 2535 modum
1626 2481 1864 2549 optabat,
1895 2489 1947 2535 et
1980 2481 2112 2549 quid

547 2584 720 2649 vellet,
761 2581 1000 2635 mirabili
1039 2582 1128 2635 illa
1168 2581 1469 2635 enuntiavit
1507 2581 1772 2635 sententia
1804 2599 1813 2634 :
1847 2581 2112 2635 «Bonum

546 2702 572 2735 )>
613 2700 721 2750 quo
749 2682 1127 2747 universaliuS,
1159 2699 1221 2736 eo
1249 2681 1486 2736 divinius
1515 2689 1593 2736 est
1622 2701 1668 2736 )>.

615 2782 683 2836 Ut
722 2800 848 2836 vero
891 2782 1096 2836 honum
1135 2790 1274 2836 esset
1311 2781 1687 2849 universalius,
1730 2781 1795 2835 iis
1840 2780 2113 2849 imprimis

546 2880 858 2934 hominibus
897 2898 1118 2948 operam
1158 2881 1392 2934 dandam
1443 2897 1557 2934 esse
1606 2879 1810 2945 statuit,
1852 2878 1946 2947 qui
1985 2878 2110 2934 ideo

546 2981 691 3048 quod
733 2982 910 3034 valent
951 2982 1028 3035 vel
1067 2979 1403 3046 auctoritate,
1437 2981 1517 3034 vel
1557 2979 1839 3046 dignitate,
1872 2980 1953 3032 vel
1987 2980 2113 3032 doc-

546 3078 706 3146 trina,
737 3079 976 3133 faciliore
1009 3078 1227 3146 negotio
1264 3079 1331 3132 ad
1370 3079 1657 3133 colendum
1685 3078 1853 3132 Deum
1881 3084 1933 3131 et
1959 3094 2110 3130 sacra

548 3177 893 3245 percipienda
953 3177 1086 3231 alios
1147 3184 1372 3245 possunt
1437 3178 1723 3232 adducere.
1784 3175 1896 3239 Quo
1953 3177 2109 3243 plane
