2315 3559
246 230 311 268 DE
338 229 592 268 VANITATE
619 229 797 267 RERUM
826 227 1158 266 HUMANARUM
1187 228 1574 267 CONTEMNENDA
1610 214 1712 269 0263

162 373 313 442 parvi
369 373 600 442 pendere
644 371 841 426 summi
892 371 1152 426 momenti
1209 371 1704 441 praescriptionem.

228 473 413 540 Neque
473 471 624 525 obest
690 469 1009 538 paupertati,
1069 471 1213 538 quod
1276 471 1340 524 ad
1402 470 1610 524 virtutis
1660 478 1712 525 et

160 572 333 625 famae
377 569 706 638 praesidium
751 568 1021 637 penditur.

225 669 309 725 30.
363 671 468 724 Nos
513 676 691 723 autem
752 686 873 722 cum
932 668 1070 723 vitae
1126 669 1420 736 integritati
1470 687 1529 723 ac
1586 687 1712 737 pau-

159 769 351 838 pertati
412 768 660 835 religiose
720 767 1067 835 consulimus,
1127 768 1319 823 iisdem
1375 769 1579 823 utimur
1628 787 1712 822 ar-

158 868 280 935 mis,
311 867 506 936 quibus
554 867 817 921 mundum
855 866 1085 921 Aloisius
1124 875 1232 921 tam
1274 867 1498 922 feliciter
1535 867 1712 922 debel-

156 966 301 1021 lavit.
355 967 395 1019 A
446 965 762 1019 mortalibus
820 966 886 1019 ad
937 974 1153 1020 aeterna
1214 974 1388 1021 totum
1439 967 1712 1022 transferi-

157 1083 275 1119 mus
331 1064 573 1118 animum
624 1064 737 1118 eius
784 1066 1044 1133 exempIO,
1092 1065 1177 1120 cui
1229 1084 1258 1120 a
1307 1066 1484 1134 prima
1538 1074 1711 1122 aetate

156 1164 210 1219 id
238 1164 463 1231 contigit
484 1181 756 1232 prospere,
781 1171 839 1217 ut
859 1166 991 1218 dum
1012 1165 1305 1220 visibiliter
1323 1167 1496 1221 Deum
1517 1184 1712 1233 cogno-

159 1263 251 1330 vit,
295 1281 392 1330 per
430 1264 571 1317 hunc
620 1264 679 1317 in
720 1263 1093 1318 invisibilium
1129 1283 1367 1320 amorem
1410 1274 1706 1334 raperetur.

224 1361 471 1416 Alienum
539 1361 604 1415 ab
673 1361 736 1415 iis
805 1379 943 1429 quae
1009 1363 1379 1431 percipiuntur
1445 1365 1706 1433 sensibUS,

157 1461 270 1515 eius
309 1460 550 1515 animum
590 1460 827 1515 incendit
868 1461 1031 1515 beans
1070 1462 1159 1516 illa
1197 1463 1389 1517 caritas
1427 1472 1711 1532 castusque

157 1560 245 1614 ille
289 1576 459 1627 amor,
509 1577 616 1628 quo
663 1560 932 1614 ferebatur
981 1561 1032 1614 in
1084 1561 1253 1616 Deum
1298 1580 1469 1631 usque
1518 1581 1598 1630 e0,
1653 1572 1712 1618 ut

156 1660 429 1714 retrahere
502 1667 736 1714 mentem
810 1667 861 1714 et
931 1660 1312 1727 cogitationem
1386 1680 1415 1716 a
1497 1680 1709 1717 summo

155 1759 296 1814 bono
340 1777 447 1814 non
485 1766 680 1828 posset.

222 1858 349 1913 Tota
415 1858 528 1913 eius
592 1858 700 1913 vita
764 1860 880 1926 lege
947 1859 1233 1927 regebatur
1298 1860 1554 1929 caritatiS,
1625 1863 1710 1917 cui

156 1966 363 2013 tantum
408 1958 599 2013 tribuit
641 1958 690 2013 S.
741 1959 998 2026 Ignatius,
1046 1968 1105 2014 ut
1149 1977 1266 2015 eam
1317 1960 1615 2030 principem
1660 1970 1712 2017 et

155 2065 315 2126 caput
350 2057 822 2124 Constitutionum,
860 2076 918 2113 ac
953 2076 1080 2126 prae
1107 2059 1356 2114 omnibus
1394 2060 1602 2127 legibus
1629 2078 1712 2115 ex-

156 2156 322 2212 ternis
390 2158 655 2211 valentem
716 2164 876 2225 atque
937 2158 1205 2213 efficacem
1272 2159 1544 2215 declarare
1604 2178 1711 2215 non

157 2255 382 2311 dubitet.
415 2255 560 2310 Facit
587 2255 730 2310 enim
758 2257 888 2311 haec
916 2256 1104 2324 virtUS,
1135 2265 1193 2312 ut
1218 2257 1314 2326 illi,
1345 2258 1401 2312 in
1427 2259 1623 2327 quibus
1652 2278 1712 2314 ea

158 2357 313 2423 inest,
360 2363 550 2423 gerant
592 2373 651 2410 ac
689 2363 961 2424 praestent
1003 2357 1275 2426 operibus,
1323 2375 1462 2426 quae
1504 2360 1710 2427 legibus

158 2455 410 2509 iubentur
453 2454 702 2518 externiS‚
749 2455 907 2522 longe
949 2456 1324 2523 praeclariora.
1374 2457 1499 2521 Quis
1545 2459 1708 2526 enim,

158 2571 377 2622 quaeso,
419 2553 692 2620 legislator
735 2554 977 2609 animum
1021 2554 1317 2624 induceret,
1359 2564 1418 2610 ut
1455 2566 1712 2626 perpetua

157 2653 376 2720 ieiunia,
423 2652 664 2721 corporis
708 2653 1096 2722 afflictationeS,
1150 2656 1546 2711 severissimam
1597 2676 1714 2713 sen-

158 2770 315 2807 suum
354 2752 673 2819 custodiam,
711 2770 848 2821 quae
885 2754 940 2807 in
973 2753 1023 2809 S.
1060 2754 1259 2810 Aloisio
1299 2755 1580 2825 miramur,
1620 2757 1714 2812 ali-

159 2870 266 2921 qua
309 2853 493 2919 regula
537 2853 828 2906 statueret?
866 2852 929 2906 Et
971 2860 1150 2909 tamen
1195 2855 1288 2923 qui
1336 2855 1557 2910 caritate
1602 2874 1713 2911 mo-

162 2959 331 3019 vetur,
372 2969 563 3020 parum
603 2969 656 3006 se
696 2953 948 3007 tolerasse
986 2953 1213 3022 putabit,
1256 2954 1466 3009 etiamsi
1504 2955 1712 3010 labores

160 3051 442 3119 immaneS,
495 3050 766 3106 molestias
823 3068 1216 3122 aerumnasque
1277 3055 1458 3109 volens
1519 3055 1714 3109 exhau-

162 3150 308 3205 serit.

1790 1269 1897 1301 Praef
1911 1269 2046 1301 Nativ.

1822 1311 1934 1342 Dom.
1951 1311 1998 1342 N.

1756 1379 1948 1424 caritatis
1966 1379 2079 1433 lege.
