2315 3559
258 1720 283 1751 1.

301 1728 333 1752 C.

332 2120 388 2153 ib.

349 1729 387 1751 n.
404 1720 456 1751 23.

571 246 637 301 62
810 264 1059 302 EPISTOLA
1097 265 1315 303 ANTONII
1356 266 1552 304 MARIAE
1590 267 1899 306 ANDERLEDY

570 425 693 461 cum
721 408 867 463 hisce
894 409 1257 476 singularibus
1292 428 1398 464 non
1434 429 1556 465 raro
1594 412 1734 466 bona
1773 413 2141 481 impediantur

572 508 744 575 magis
808 508 1131 563 universalia
1193 510 1474 577 magisque
1537 511 1738 577 divina,
1804 530 1974 580 eaque
2029 521 2139 568 tam

571 607 870 661 necessaria
920 608 1074 662 nobis
1129 608 1184 662 in
1237 610 1446 675 agendo
1494 611 1783 665 concordia
1828 611 2136 667 dirimatur.

641 707 699 759 In
737 724 856 760 eam
897 708 1218 761 sententiam
1257 708 1451 761 abhinc
1490 709 1777 763 duodecim
1817 710 1970 763 annis
2009 712 2139 765 haec

571 804 784 872 scripsit
845 805 906 858 R.
964 806 1017 858 P.
1073 806 1244 860 Beckx
1296 824 1307 859 z
1363 821 1388 854 ((
1441 807 1627 861 Nonne
1690 808 1903 875 pietatis
1966 810 2142 877 specie

574 923 599 956 ))
640 904 816 972 decipi
845 905 1138 958 dixerimus
1167 906 1339 973 illum,
1365 906 1459 974 qui
1488 906 1541 959 in
1569 914 1718 961 tanto
1747 908 1873 962 fidei
1902 926 2143 964 morum-

574 1022 745 1071 »que
795 1004 1127 1071 discrimine,
1181 1005 1236 1058 in
1286 1013 1432 1059 tanta
1491 1007 1795 1060 animarum
1852 1009 2002 1062 clade
2060 1011 2141 1063 vel

574 1123 599 1155 ³)
639 1105 844 1157 cultum
872 1104 1108 1171 aliquem
1140 1105 1266 1158 novi
1301 1105 1535 1159 nominis
1571 1107 1727 1161 unice
1761 1117 1912 1162 curet
1945 1109 2143 1163 diffun-

574 1223 599 1255 i)
641 1205 767 1258 dere
807 1205 887 1258 vel
928 1221 1098 1257 novae
1136 1204 1419 1259 cuiusdam
1458 1207 1682 1260 rationis
1722 1209 1978 1262 sodalicio
2018 1227 2143 1263 con-

574 1322 598 1355 »
639 1304 815 1357 dendo
861 1321 1082 1372 operam
1126 1322 1279 1358 suam
1330 1321 1547 1359 omnem
1594 1306 1888 1374 impendat,
1932 1308 2145 1362 institu-

574 1422 598 1454 i>
638 1403 771 1456 toris
835 1421 1033 1457 nomen
1101 1411 1152 1457 et
1219 1404 1419 1458 famam
1481 1413 1764 1473 captans...
1831 1407 2139 1462 Cavendum

574 1520 968 1571 »magnopere
1018 1512 1114 1570 est,
1173 1522 1240 1558 ne
1295 1504 1350 1557 in
1406 1504 1726 1560 Societatem
1789 1516 2028 1561 nostram
2087 1526 2143 1562 se

572 1622 597 1655 ))
638 1602 875 1656 insinuet.
912 1603 1082 1657 libido
1121 1604 1211 1657 illa
1249 1603 1522 1672 novitatiS,
1554 1623 1692 1673 quae
1720 1605 1793 1659 ita
1820 1606 1980 1660 huius
2008 1614 2142 1660 tem-

575 1722 596 1754 »
637 1701 784 1770 poris
824 1710 903 1756 est
940 1703 1178 1771 propria,
1220 1712 1279 1757 ut
1317 1722 1400 1759 res
1440 1705 1602 1758 etiam
1641 1705 2005 1760 sanctissimas
2033 1724 2140 1760 non

576 1821 597 1854 ›>
638 1819 761 1855 raro
788 1810 1118 1869 corrumpat.
1153 1822 1178 1855 »

638 1901 769 1955 Dein
815 1919 876 1955 ea
920 1909 1219 1968 enumerat,
1255 1902 1452 1970 quibus
1490 1902 1835 1970 potissimum
1875 1923 1903 1957 a
1942 1904 2141 1958 nostris

570 2001 963 2068 impertiendus
1014 2008 1093 2055 est
1135 2001 1288 2055 labor
1337 2009 1388 2056 et
1438 2001 1721 2056 industria.
1777 2003 1909 2057 Sunt
1958 2011 2139 2057 autem

571 2116 596 2149 <(
638 2101 1020 2155 instructiones
1070 2101 1446 2170 catecheticae,
1500 2103 1776 2157 contiones
1834 2104 2140 2157 fructuosae

572 2220 596 2252 ))
637 2208 984 2268 campestreS,
1033 2200 1282 2254 exercitia
1327 2201 1646 2269 spiritualia,
1695 2202 2141 2269 congregationes

572 2319 596 2352 ))
638 2299 925 2364 Marianae,
987 2299 1219 2353 maxime
1280 2301 1705 2354 adulescentium
1762 2309 1813 2355 et
1875 2301 2136 2368 virorum,

572 2418 596 2451 ))
637 2399 888 2453 exercitia
931 2399 1104 2453 bonae
1150 2399 1358 2453 mortis
1410 2418 1435 2452 ))

638 2498 925 2564 Cognitum
992 2499 1137 2553 enim
1210 2508 1307 2565 est,
1379 2499 1578 2553 instare
1652 2500 1951 2567 periculum
2026 2500 2140 2554 istis

569 2607 820 2652 coetuum
865 2616 1132 2653 novorum
1176 2598 1567 2665 conditoribus,
1621 2607 1727 2653 tam
1769 2608 1992 2668 propter
2028 2602 2143 2667 glo-

570 2697 706 2751 riam
768 2697 1023 2764 nominiS,
1083 2716 1247 2766 quam
1302 2705 1524 2766 propter
1584 2706 1835 2752 coetuum
1897 2699 2139 2766 ipsorum

570 2795 855 2861 rationem,
880 2804 938 2849 ut
965 2796 1032 2849 ab
1058 2796 1419 2863 oboedientia,
1445 2815 1474 2850 a
1501 2796 1795 2851 domestica
1834 2797 2137 2865 disciplina,

569 2913 598 2948 a
643 2896 843 2962 regulis
894 2913 949 2949 se
999 2903 1312 2951 removeant
1359 2913 1369 2949 :
1418 2896 1550 2963 quin
1601 2896 1783 2963 etiam,
1837 2914 1959 2950 cum
2010 2897 2140 2964 ipsis

570 2996 795 3048 affluunt
846 2996 1075 3063 nummi,
1122 3003 1383 3050 conentur
1433 2996 1690 3050 obnoxios
1736 2996 1837 3050 sibi
1888 3004 1939 3050 et
1990 2997 2143 3051 obse-

571 3102 795 3162 quentes
835 3096 1008 3149 facere
1046 3095 1377 3163 Superiores.
1421 3096 1479 3150 Id
1518 3113 1676 3163 saepe
1713 3103 2134 3162 consequuntur,

570 3202 629 3248 ut
665 3194 719 3247 in
758 3201 874 3248 tuto
902 3195 1087 3248 locatis
1121 3194 1282 3248 officii
1322 3196 1403 3248 vel
1442 3195 1544 3249 loci
1584 3194 1810 3248 mutatio
1850 3196 2138 3250 metuenda
