2315 3559
342 267 406 302 DE
433 266 510 302 BB.
544 264 668 301 EDM.
700 263 949 301 CAMPIAM
978 263 1039 299 ET
1067 261 1328 299 SOCIORUM
1358 261 1620 298 MARTYnlo
1693 246 1759 299 53

202 410 342 463 cimo
387 426 438 460 n.
486 407 535 461 9.
578 405 1019 473 Congregationis
1071 404 1356 458 vicesimae
1405 404 1561 456 liccat
1605 404 1757 456 nobis

204 506 528 561 monasteria
556 505 871 558 monialium
906 512 996 557 aut
1024 505 1321 571 puellarum
1361 503 1758 555 conservatoria

203 621 228 654 ((
269 607 520 659 accedere
544 611 748 658 insutum
780 605 843 657 ad
870 603 1128 657 tradenda
1151 602 1409 655 Exercitia
1438 600 1754 667 spiritualia,

205 725 230 757 ))
272 707 352 758 vel
419 722 516 771 pro
584 703 910 770 excipiendis
978 701 1399 755 extraordinarie
1472 700 1760 753 consessio-

204 824 229 857 »
270 804 444 869 nibus,
499 823 520 855 ›>
566 803 792 871 proinde
831 810 1020 869 quater
1058 801 1250 869 quovis
1294 817 1433 854 anno
1479 801 1558 853 vel
1604 800 1760 866 (fuin-

201 903 372 970 quies,
403 920 510 970 quo
544 911 787 969 tempore
826 901 988 955 etiam
1023 902 1089 955 de
1122 918 1177 954 re
1212 900 1476 967 spirituali
1516 900 1759 952 exhorta-

200 1002 371 1055 tiones
393 1002 579 1055 haberi
601 1009 841 1069 possunt,
860 1009 1040 1054 tamen
1062 1001 1115 1053 id
1138 1007 1408 1067 praestare
1425 998 1756 1066 frequentius

200 1119 306 1154 non
347 1108 607 1167 vetamur,
639 1101 730 1154 ubi
768 1100 858 1153 alii
893 1101 1194 1154 sacerdotes
1221 1116 1327 1152 non
1355 1107 1495 1152 sunt.
1526 1099 1583 1152 Id
1613 1098 1756 1151 enim

200 1200 243 1253 si
270 1200 541 1267 acciderit,
567 1200 619 1254 id
649 1199 870 1265 obtinet,
896 1200 1040 1266 quod
1069 1198 1448 1252 intercedendo
1476 1198 1542 1250 ab
1569 1198 1755 1250 eadem

199 1299 625 1365 Congregatione
675 1299 1023 1366 impetratum
1073 1305 1170 1364 est,
1223 1305 1281 1350 ut
1331 1297 1530 1364 pluries
1580 1295 1756 1350 aditus

200 1399 543 1466 permittatur
588 1413 612 1446 «i
659 1398 751 1451 ubi
796 1397 1026 1451 obtineri
1075 1415 1182 1450 non
1224 1403 1410 1463 potest,
1463 1413 1529 1448 ne
1578 1394 1755 1448 Nostri

202 1518 228 1550 ))
269 1498 600 1565 frequentius
663 1499 917 1551 accedant
982 1497 1048 1550 ad
1116 1496 1257 1550 dicta
1319 1494 1644 1548 monasteria
1706 1501 1757 1547 et

202 1616 228 1649 ))
268 1597 682 1651 conservatoria.
717 1616 742 1648 ))

267 1698 342 1750 Ad
390 1697 492 1750 alia
536 1696 585 1750 S.
630 1697 784 1749 Pater
828 1694 1198 1763 progrediens,
1246 1693 1377 1746 illud
1423 1693 1628 1759 suadet,
1676 1700 1752 1758 ut,

198 1796 290 1849 ubi
329 1797 516 1849 eadem
554 1802 634 1848 est
671 1794 975 1855 necessitaS‚
1018 1793 1082 1846 iis
1126 1799 1341 1846 vacetur
1379 1791 1575 1858 potiuS,
1618 1808 1756 1858 quae

198 1903 322 1948 sunt
359 1894 608 1948 tractanti
647 1892 956 1947 securioria.
996 1892 1267 1955 Quaenam
1306 1891 1395 1944 illa
1439 1890 1562 1955 sint,
1604 1907 1757 1957 expe-

200 1993 410 2059 rientia,
440 1993 608 2046 tristis
646 2009 752 2045 non
791 2009 931 2058 rarO,
963 1998 1014 2045 et
1041 1992 1310 2044 humanae
1336 1997 1558 2043 naturae
1587 1989 1755 2042 imbe-

196 2091 388 2145 cillitas
413 2091 540 2144 satis
567 2108 663 2143 nos
691 2092 1000 2144 admonent.

267 2191 466 2244 Eadem
495 2207 706 2257 semper
732 2190 922 2243 ductus
950 2188 1158 2242 ratione
1190 2187 1318 2241 boni
1351 2187 1755 2240 universalioris

198 2289 404 2356 priores
453 2296 630 2356 partes
680 2287 1019 2342 contionibus
1075 2288 1151 2340 vel
1200 2285 1537 2353 lectionibus,
1592 2303 1755 2353 quam

198 2387 480 2442 audiendis
519 2386 941 2441 confessionibus
981 2385 1171 2439 tribuit
1208 2384 1257 2439 S.
1302 2386 1590 2451 Fundator,
1629 2384 1756 2451 quia

201 2500 226 2533 ((
268 2504 340 2553 se,
392 2494 451 2539 ut
499 2486 590 2552 ait,
643 2487 709 2540 ad
759 2485 995 2553 plurium
1058 2484 1315 2538 auxilium
1365 2485 1672 2550 extendunt,
1728 2502 1754 2536 »

199 2586 496 2652 eademque
523 2586 588 2639 de
615 2603 790 2651 causa,
821 2584 909 2638 illa
936 2602 1073 2651 quae
1101 2583 1441 2638 diuturniora
1468 2589 1519 2636 et
1545 2600 1756 2650 semper

201 2686 481 2752 profutura
520 2692 658 2737 sunt.
691 2685 943 2752 Exemplo
970 2683 1124 2737 nobis
1153 2684 1270 2750 lpse
1297 2682 1397 2735 fuit
1424 2682 1753 2736 instituendo

199 2784 569 2850 germanicum
638 2791 689 2837 et
754 2784 856 2838 alia
923 2782 1156 2849 Collegia
1221 2790 1383 2849 atque
1450 2781 1750 2834 missiones.

200 2885 482 2938 parentem
510 2883 707 2936 imitati
734 2883 824 2936 alii
854 2884 1034 2936 Patres
1062 2882 1231 2935 nostri
1270 2883 1470 2948 templa
1508 2880 1756 2934 aedifica-

201 2991 326 3036 runt
362 2983 416 3036 in
455 2982 802 3036 missionibus
841 2981 1052 3047 exteriS,
1085 2980 1175 3034 alii
1214 2981 1423 3034 scholas
1463 2980 1754 3033 fundarunt

201 3090 254 3135 et
289 3081 521 3136 Societas
549 3081 664 3149 ipsa
691 3080 778 3148 pia
805 3080 1064 3134 stabilivit
1090 3079 1344 3134 sodalicia
1370 3079 1526 3132 titulo
1559 3076 1756 3130 Beatis-

201 3180 370 3234 simae
417 3180 652 3247 Virginis
707 3178 1064 3232 Annuntiatae
1114 3186 1166 3232 et
1214 3178 1389 3232 Bonae
1439 3175 1641 3242 MortiS,
1695 3192 1753 3228 ac

1841 1396 1985 1436 Congr.
2014 1398 2087 1429 XX

1800 1436 1905 1468 decr.
1947 1438 1985 1469 12
2021 1448 2061 1469 n.
2096 1440 2128 1471 9.

1819 1712 2009 1765 denique
2042 1714 2108 1763 iis,

1802 1781 1912 1820 quae
1931 1774 2033 1811 sunt
2048 1769 2127 1812 mi-

1923 1836 2004 1865 uus

1826 1877 2090 1930 periculosa,

1836 2290 2011 2333 tandem
2034 2290 2100 2340 iis,

1848 2358 1959 2397 quae
1983 2350 2085 2387 sunt

1862 2399 2062 2452 pluribus

1895 2454 2027 2503 utilia,

1900 2715 2013 2754 quae

1818 2756 2109 2800 diuturniora.
