2315 3559
248 361 479 406 Rationem

240 416 484 461 studiorum

282 471 441 516 iterum

234 526 483 572 inculcavit.

220 2265 308 2310 Hac
332 2266 401 2310 via
421 2267 487 2311 fas

190 2321 274 2364 erit
290 2321 516 2376 proximos

276 2376 428 2421 iuvare

263 2431 432 2487 absque

275 2494 427 2532 nostro

242 2543 456 2597 periculo.

572 194 671 251 284
832 213 1081 253 EPISTOLA
1120 216 1168 253 R.
1213 216 1258 254 P.
1303 217 1354 254 N.
1400 216 1642 257 LUDOVICI
1684 218 1883 257 MARTIN

573 374 742 427 menS,
785 359 981 414 iterum
1029 361 1349 427 gravissime
1386 364 1805 433 commendavit,
1858 374 1917 420 ut
1955 367 2134 423 'nostri

571 477 757 514 omnes
802 460 941 514 serio
980 460 1302 528 penitusque
1335 461 1589 530 antiquae
1625 463 1945 532 Theologiae
1984 468 2136 522 scho-

570 560 786 615 lasticae
831 578 1051 628 operam
1102 561 1320 627 darent3
1362 562 1606 630 adeoque
1651 562 1807 618 iussit
1849 565 1999 621 Decr.
2046 567 2130 635 24,

569 664 598 724 ἓ
640 660 690 728 02,
723 676 748 709 (ι
795 661 861 714 ad
907 668 1107 714 rectam
1153 661 1548 716 institutionem
1593 681 1780 718 cursus
1819 665 2129 735 theologici,

569 762 634 814 ad
698 760 1007 829 disciplinas
1070 760 1124 814 in
1180 778 1242 815 eo
1303 763 1610 831 tradendaS,
1665 765 1730 819 ad
1799 766 2022 820 modum
2084 775 2135 821 et

569 861 835 928 ordinem,
878 861 1074 928 quibus
1120 878 1212 915 eae
1242 862 1382 916 tradi
1428 864 1641 932 debent,
1677 865 1862 919 sedulo
1911 873 1962 919 et
2004 866 2134 920 assi-

568 961 671 1014 due
717 962 1016 1026 urgendam
1062 978 1176 1015 esse
1221 963 1616 1018 exsecutionem
1662 981 1870 1033 eorum,
1901 983 2038 1033 quae
2078 966 2132 1019 in

568 1059 793 1113 Ratione
843 1058 1157 1115 Studiorum
1208 1063 1306 1116 hac
1362 1063 1428 1116 de
1489 1081 1546 1117 re
1602 1064 2059 1131 praescribuntur.
2105 1084 2130 1118 ))

568 1161 738 1214 Immo
768 1178 913 1228 vero,
944 1170 1003 1215 ut
1047 1161 1102 1215 in
1140 1180 1197 1216 re
1242 1163 1375 1217 tanti
1415 1164 1678 1218 momenti
1718 1164 1953 1219 Instituti
1982 1183 2134 1233 prae-

565 1261 765 1331 scripta
809 1261 1022 1317 fidelius
1067 1271 1430 1330 servarentur,
1468 1281 1534 1318 ne
1571 1263 1918 1332 Theologiam
1958 1265 2131 1334 ipsam

565 1362 819 1416 Moralem
863 1361 1031 1416 voluit
1068 1361 1290 1416 omnino
1329 1363 1730 1418 accommodari
1771 1364 1836 1418 ad
1865 1363 2131 1419 rationem

564 1461 730 1529 illam,
762 1480 926 1530 quam
969 1462 1330 1517 Casuistz'cam
1362 1471 1576 1529 vocant3
1608 1464 1719 1530 sed,
1751 1471 1809 1518 ut
1845 1463 1900 1517 in
1939 1465 2130 1519 eodem

563 1563 713 1616 Decr.
778 1561 863 1629 024,
920 1566 950 1626 ἓ
1004 1563 1054 1629 5,
1120 1562 1455 1631 praescribit,
1521 1563 1684 1618 etiam
1747 1578 1773 1612 «
1841 1564 2131 1631 Theologia

564 1662 784 1716 moralis
823 1670 1070 1717 accurate
1114 1681 1173 1717 ac
1217 1662 1387 1717 solide
1426 1663 1687 1718 tradenda
1725 1671 1803 1717 est
1838 1681 1848 1716 :
1897 1677 2132 1732 quapro-

562 1769 681 1830 pter
741 1761 1085 1830 quaestiones
1147 1761 1286 1829 illae,
1341 1779 1479 1830 quae
1535 1761 1800 1831 principia
1856 1762 2131 1818 continent

562 1861 818 1917 scientiae
891 1861 1130 1929 moraliS,
1186 1863 1495 1917 scholastice
1566 1869 1690 1917 sunt
1762 1863 2125 1931 exponendae,

562 1970 614 2017 et
674 1980 734 2017 ex
795 1962 925 2031 ipsis
987 1962 1219 2031 aliquae,
1289 1970 1404 2016 tum
1470 1979 1568 2031 pro
1641 1961 1885 2017 examine
1950 1980 2128 2017 annuo

560 2062 883 2130 Theologiae
955 2061 1314 2130 dogmaticae,
1386 2070 1501 2117 tum
1571 2079 1669 2130 pro
1747 2061 1990 2117 examine
2034 2062 2125 2136 *ad

560 2163 791 2230 gradum
848 2171 973 2218 sunt
1032 2163 1339 2231 seligendae
1379 2181 1424 2217 )).

628 2267 804 2323 Sensit
841 2267 1043 2322 scilicet
1079 2267 1456 2335 Congregatio,
1488 2275 1822 2335 quantopere
1848 2265 2126 2321 Societatis

561 2368 843 2423 interesset
906 2376 1085 2422 tantae
1146 2385 1410 2422 novarum
1467 2385 1649 2422 rerum
1706 2367 1938 2435 libidini,
1988 2384 2127 2435 quae

560 2467 806 2522 omnium
847 2467 1064 2522 incessit
1097 2467 1326 2534 animOS,
1359 2468 1707 2522 vehementer
1734 2466 1924 2534 obniti,
1955 2466 2127 2521 illam-

560 2585 666 2636 que
710 2586 807 2636 pro
854 2567 1057 2622 viribus
1096 2586 1125 2621 a
1170 2567 1432 2622 Societate
1471 2569 1804 2636 propulsare.
1847 2567 1982 2621 Nam
2028 2567 2125 2621 hac

559 2685 665 2721 una
705 2667 790 2721 via
828 2685 925 2722 nos
964 2667 1234 2722 immunes
1274 2666 1610 2722 servabimus
1649 2666 1715 2721 ab
1753 2665 1842 2720 illa
1891 2665 2125 2720 intellec-

559 2767 690 2822 tuali
713 2768 945 2835 levitate,
971 2784 1108 2835 quae
1130 2767 1349 2835 propria
1370 2774 1450 2821 est
1479 2774 1788 2821 nostrorum
1815 2773 2123 2834 temporum

560 2876 703 2934 nota,
763 2875 816 2921 et
871 2866 1020 2921 radix
1081 2867 1300 2921 moralis
1353 2866 1494 2921 illius
1546 2865 1795 2933 levitatiS,
1836 2866 1902 2920 ad
1959 2882 2122 2933 quam

560 2966 811 3022 inimicus
850 2974 1033 3021 noster
1070 2982 1165 3020 nos
1212 2966 1523 3034 pertrahere
1561 2972 1802 3019 conatur.
1852 2964 1961 3018 Hac
2009 2971 2124 3018 tan-

559 3076 675 3122 tum
715 3066 923 3121 ratione
950 3065 1381 3134 impetrabimuS,
1417 3072 1476 3119 ut
1502 3065 1720 3119 iuvenes
1759 3063 1928 3118 nostri
1958 3077 1984 3111 «
2013 3080 2120 3117 non

559 3167 1009 3222 circumferantur
1035 3164 1183 3220 omni
1212 3173 1369 3220 vento
1401 3163 1694 3218 doctrinae.
1723 3181 1749 3216 ))
1780 3162 1913 3216 Hinc
1946 3163 2120 3216 solum
