2315 3559
527 256 629 312 202
701 275 950 314 EPISTOLA
988 277 1036 315 R.
1081 277 1126 315 P.
1169 279 1221 316 N.
1262 277 1382 316 ANT.
1433 278 1558 317 MAR.
1606 278 1916 318 ANDERLEDY

527 422 719 476 deutur
767 424 1065 487 adversari,
1128 425 1491 493 periculisque
1545 425 1671 479 hoec
1718 442 1803 479 res
1860 425 1933 479 sit
1986 443 2090 480 non

527 523 847 591 vulgaribus
896 525 1297 593 multorumque
1355 525 1779 579 oblocutionibus
1831 526 2088 593 exposita,

527 623 768 678 maoeime
817 626 954 693 quod
1008 625 1135 678 haec
1194 643 1323 678 curu
1390 625 1735 679 alienissima
1787 642 1995 693 semper
2061 644 2095 679 a

527 724 808 779 Societotis
861 725 1118 779 Instituto
1178 725 1612 795 ministeriisque
1666 725 1856 780 habitu
1903 725 2088 795 fuerit.

530 823 708 890 Quare
760 823 1078 892 Superiores
1136 841 1318 878 omnes
1373 824 1601 878 monitos
1661 824 1849 890 votuit,
1915 830 1975 877 ut
2027 824 2092 878 ab

526 924 678 980 omni
716 924 944 978 illarum
983 923 1274 978 directione
1299 941 1359 977 ac
1380 923 1713 992 promotione
1749 923 2056 978 abstineant
2074 942 2096 989 ,-

527 1043 694 1095 neque
752 1043 977 1079 suorum
1044 1042 1369 1094 quemquam
1429 1041 1756 1094 quocumque
1810 1030 2096 1092 praetextu

522 1125 814 1192 patiantur
865 1124 1096 1178 illarum
1131 1141 1185 1178 se
1221 1125 1378 1178 rebus
1421 1123 1706 1178 miscere...
1765 1123 2096 1193 Roqavitque

530 1224 884 1293 Conqrequtio
955 1224 1019 1279 R.
1107 1225 1173 1278 P.
1237 1224 1513 1291 Nostrum,
1583 1230 1706 1277 ut...
1771 1224 2090 1292 diqnetur...

526 1325 678 1379 omni
724 1324 903 1378 studio
948 1324 1246 1392 inviqiture
1289 1323 1416 1377 huic
1452 1324 1614 1386 malm
1656 1340 1819 1392 eaque
1855 1323 2097 1377 remedia

527 1425 801 1491 adhibere,
850 1440 984 1492 quoe
1035 1423 1095 1477 in
1145 1424 1284 1477 lianc
1332 1440 1444 1477 rem
1495 1422 1845 1476 validissima
1891 1427 1941 1476 et
1989 1438 2096 1476 cer-

530 1525 747 1579 tissima
785 1524 1127 1578 iudicaverit.

155 1627 470 1690 etdefeminis
596 1625 681 1680 41.
748 1626 934 1692 Itaque
983 1642 1091 1678 non
1142 1624 1208 1678 de
1257 1622 1385 1677 solis
1447 1621 1766 1677 mulieribus
1827 1621 2095 1689 religiosis

183 1682 461 1793 (legiiiliillms.
528 1727 725 1794 agitur,
780 1727 872 1780 sed
934 1726 1000 1780 de
1062 1724 1276 1779 feminis
1344 1723 1615 1792 omnibuS‚
1681 1740 1819 1792 quae
1874 1722 1929 1777 in
1990 1741 2096 1777 una

529 1827 717 1881 vivunt
760 1827 943 1893 dom0‚
990 1825 1259 1894 certisque
1319 1824 1459 1879 inter
1508 1841 1564 1878 se
1620 1823 1918 1891 iunguntur
1966 1822 2097 1890 legi-

525 1927 642 1982 bus,

596 2028 800 2082 Harum
844 2044 1031 2082 curam
1076 2027 1530 2094 qualemcumque
1574 2022 1849 2077 adversari
1893 2021 2097 2077 Consti-

526 2127 847 2194 tutionibns‚
885 2146 946 2182 ea
984 2145 1123 2196 quae
1170 2125 1279 2181 dixi
1329 2123 1602 2192 generalia
1649 2122 1869 2178 comitia
1923 2123 2097 2177 decla-

529 2238 666 2284 rant.

597 2331 817 2397 Eadem,
871 2328 1032 2383 huius
1086 2344 1246 2382 curae
1296 2324 1535 2394 pericula
1596 2341 1711 2379 esse
1760 2340 1868 2378 non
1914 2323 2095 2390 vulga-

527 2430 626 2498 ria,
668 2447 765 2484 nos
810 2429 1052 2484 edocent.
1090 2426 1168 2480 Ab
1212 2443 1273 2480 ea
1311 2442 1439 2479 cura
1475 2425 1554 2478 vel
1592 2421 1890 2479 directione
1932 2421 2096 2490 Supe-

527 2531 696 2585 riores
747 2547 934 2585 omnes
985 2527 1253 2582 abstinere
1303 2525 1517 2579 debent.

595 2629 810 2685 Nemini
866 2630 943 2683 fas
1000 2635 1098 2694 est,
1152 2642 1499 2695 quocumque
1553 2629 1830 2692 praetextu
1879 2621 2094 2676 illarum

528 2731 819 2788 mulierum
864 2748 920 2785 se
963 2729 1121 2784 rebus
1178 2727 1422 2782 miscere.
1482 2726 1655 2790 Quare
1703 2723 1858 2779 initia
1907 2740 2094 2778 earum

528 2842 581 2889 et
630 2831 1025 2888 institutionem
1078 2830 1281 2896 iuvare,
1335 2829 1547 2895 regulas
1597 2827 1846 2892 condere,
1906 2840 2094 2891 regere

529 2933 782 2989 mulieres
845 2931 980 2998 illas,
1050 2929 1274 2985 vetitum
1338 2927 1535 2983 nostris
1598 2934 1694 2981 est.
1766 2925 1876 2979 Hae
1946 2923 2094 2979 enim

529 3043 653 3090 sunt
700 3051 783 3088 res
838 3032 1072 3098 illarum,
1125 3038 1178 3084 et
1237 3029 1460 3098 quidem
1517 3027 1724 3096 primae
1778 3043 1838 3080 ac
1893 3024 2096 3094 praeci-

529 3152 701 3204 puae;
766 3133 820 3187 in
871 3148 1056 3186 earum
1109 3148 1234 3185 vero
1290 3147 1374 3184 res
1424 3127 1720 3183 immittere
1761 3143 1857 3180 nos
1912 3124 2096 3194 prohi-

533 3237 744 3292 bemur.
