2315 3559
905 239 990 276 VIT
1015 253 1081 259 —
1107 239 1204 277 vor
1723 227 1823 282 497

272 384 324 437 (Ι,
349 382 444 436 123)
478 398 486 426 :
519 384 571 426 ad
603 397 732 437 quam
762 396 903 437 prope
934 382 1126 427 infinitae
1159 384 1415 427 occasiones
1446 391 1489 427 et
1520 386 1701 429 materia
1730 387 1824 430 fere

274 469 481 513 continua
520 469 765 513 offeruntur
784 468 834 521 (Ι,
858 467 925 511 51.
949 468 1007 512 Cf.
1035 469 1106 521 Ill,
1140 468 1335 522 195-204)
1367 471 1636 523 praesertim
1659 472 1702 514 in
1724 472 1826 516 mis—

273 555 471 599 sionibus
492 555 563 608 (ll,
581 555 674 606 355,
698 554 811 607 356).

327 640 378 684 Et
399 654 662 694 quamquam
684 639 736 682 ad
769 639 952 692 gradum
987 639 1176 683 professi
1207 654 1444 694 numquam
1478 641 1583 685 satis
1613 642 1694 685 fuit
1720 642 1825 685 insi—

271 725 369 778 gnis
391 725 616 768 doctrinae
644 724 913 777 praestantia
932 724 1003 777 (ΙΙ,
1028 724 1120 776 139,
1150 725 1257 778 144),
1283 725 1359 769 sed
1382 726 1523 779 magis
1545 725 1626 769 fuit
1646 740 1826 780 semper

271 809 540 853 aestimanda
578 809 717 852 virtus
755 808 826 861 (ΙΙ,
870 809 1080 861 145-148),
1123 823 1175 852 ex
1217 808 1611 854 Constitutionibus
1661 812 1824 855 nostris

269 896 321 948 (Ι,
345 895 412 938 64.
437 894 487 944 ΙΙ,
503 894 623 946 406);
648 899 799 937 nostro
822 900 980 937 tamem
1003 895 1187 937 maxime
1208 901 1409 949 tempore
1434 896 1540 939 nihil
1562 902 1648 939 tam
1671 910 1825 940 neces-

272 980 433 1023 sarium
462 985 529 1023 est
550 993 679 1032 quam
701 984 747 1022 ut
768 979 954 1032 quisque
987 979 1028 1022 iu
1063 980 1299 1023 solidarum
1333 981 1541 1024 virtutum
1573 982 1821 1035 profectum

271 1073 442 1117 naviter
460 1073 685 1117 incumbat
704 1074 795 1126 (ΙΙΙ,
819 1074 886 1117 41.
910 1073 970 1118 Cf.
996 1074 1068 1128 ΙΙΙ,
1092 1074 1205 1128 153).

325 1159 410 1202 Has
441 1165 585 1202 autem
617 1158 792 1202 docebit
822 1173 902 1203 nos
934 1160 1072 1203 oratio
1094 1160 1145 1214 (Ι,
1169 1160 1254 1213 82),
1277 1159 1390 1204 Crux
1420 1161 1656 1205 Salvatoris
1677 1162 1728 1216 (Ι,
1752 1162 1819 1206 65.

269 1245 340 1298 ΙΙΙ,
363 1244 454 1298 176)
472 1251 514 1288 et
530 1245 855 1288 sanctissimum
877 1245 962 1289 Cor
978 1247 1076 1289 Iesu
1098 1246 1190 1300 (III,
1214 1246 1369 1299 14-20).
1391 1246 1479 1291 Nisi
1499 1248 1614 1290 enim
1633 1261 1656 1290 a
1674 1248 1821 1292 divino

268 1336 420 1374 nostro
470 1329 706 1383 exemplari
757 1330 997 1383 discantur,
1051 1345 1139 1374 non
1179 1337 1266 1374 tam
1306 1332 1491 1375 virtutes
1534 1346 1662 1386 quam
1704 1340 1822 1378 artes

265 1422 398 1460 erunt
413 1416 624 1460 dicendae
641 1417 730 1469 (ΙΙΙ,
751 1416 808 1469 8).
827 1416 981 1460 Cetera
998 1417 1087 1461 vid.
1106 1418 1373 1474 Abnegatio,
1389 1418 1632 1474 Interiora,
1650 1420 1819 1472 Oratio,

269 1501 481 1557 Spiritus.

321 1629 475 1673 VITIA
496 1629 657 1673 veteris
678 1629 865 1673 hominis
887 1629 936 1682 (l,
963 1628 1058 1681 121)
1084 1643 1092 1672 :
1116 1629 1207 1673 vid.
1230 1629 1373 1674 Vetus
1393 1631 1544 1674 homo.

317 1753 566 1805 VOCATIO,
599 1755 652 1797 ad
683 1768 813 1808 quam
836 1768 858 1797 3
883 1755 969 1798 Deo
1001 1755 1127 1798 electi
1158 1769 1325 1807 sumus,
1359 1754 1485 1798 valde
1521 1755 1719 1800 sublimis
1751 1761 1818 1799 est

261 1838 332 1890 (ΙΙ,
356 1839 468 1891 227),
494 1839 550 1883 ob
571 1839 861 1883 celsissimum
882 1840 1013 1883 finem
1035 1840 1254 1894 duplicem
1271 1840 1321 1893 (Ι,
1341 1839 1381 1892 3,
1400 1840 1442 1892 4)
1462 1847 1506 1884 et
1529 1841 1674 1884 media
1694 1855 1822 1894 prae-

264 1925 529 1968 stantissima
568 1925 639 1979 (ΙΙ,
671 1924 766 1978 320,
798 1925 892 1968 321.
925 1925 986 1969 Cf.
1020 1925 1070 1978 ΙΙ,
1103 1924 1303 1969 230-233.
1337 1925 1409 1977 ΙΙΙ,
1445 1926 1569 1980 rlO[));
1605 1932 1648 1970 et
1682 1926 1819 1970 multo

261 2008 417 2052 melius
448 2023 578 2063 quam
613 2010 696 2053 dici
732 2016 892 2064 potest,
931 2010 1073 2054 studio
1106 2011 1333 2063 orationis,
1366 2010 1673 2054 celsitudinem
1703 2011 1819 2054 illam

261 2105 554 2145 agnoscemus
575 2094 646 2146 (ΙΙ,
671 2093 784 2148 253).

262 2188 264 2190 ’
316 2178 376 2221 Sit
396 2191 502 2231 ergo
527 2179 652 2222 nobis
674 2179 882 2222 continuo
905 2185 1006 2222 aute
1028 2179 1179 2223 oculos
1201 2179 1306 2233 quid
1337 2185 1456 2223 tauta
1485 2179 1625 2232 gratia
1645 2193 1669 2222 a
1692 2179 1819 2224 nobis

263 2270 470 2316 exposcat
490 2265 542 2317 (Ι,
566 2264 651 2316 72).

315 2347 520 2401 Magnum
536 2350 652 2393 enim
673 2349 937 2394 beneficium
958 2350 1009 2402 (Ι,
1028 2350 1068 2402 4,
1086 2350 1126 2402 5,
1144 2349 1214 2403 32)
1236 2356 1279 2394 et
1298 2350 1485 2404 insignis
1509 2350 1588 2393 Dei
1604 2350 1730 2394 favor
1751 2356 1819 2394 est

259 2433 310 2486 (I,
333 2433 403 2487 49)
427 2448 436 2477 :
460 2435 583 2478 cuius
604 2435 928 2489 magnificentia
949 2442 992 2479 et
1008 2435 1298 2488 obligationes
1320 2435 1371 2488 (Ι,
1397 2435 1594 2487 154-157,
1620 2436 1814 2479 159·161.

258 2519 318 2562 Cf.
343 2518 396 2572 11,
426 2519 516 2571 127)
540 2520 848 2573 expenduntur
877 2520 921 2563 in
951 2520 1249 2574 descriptione
1282 2521 1429 2574 templi
1463 2521 1815 2575 lerosolymitani

256 2602 308 2657 (Ι,
331 2603 543 2657 297-304),
562 2605 605 2647 in
624 2604 926 2648 adhortatione
943 2604 984 2648 S.
1004 2604 1223 2648 Ambrosii
1238 2605 1291 2648 ad
1308 2605 1495 2649 athletas
1514 2605 1564 2658 (I,
1585 2604 1679 2658 324,
1699 2605 1814 2659 325),

259 2688 362 2732 etin
384 2689 583 2733 navicula
605 2689 719 2733 Petri
740 2689 811 2743 (ll,
834 2689 928 2742 345,
952 2689 1150 2743 397-404)
1171 2690 1358 2734 assiduis
1380 2690 1634 2735 turbinibus
1655 2691 1816 2744 agitata

259 2780 303 2817 et
323 2787 538 2818 concussa
567 2774 637 2826 (II,
661 2774 873 2827 404-412),
908 2774 1031 2818 cuius
1063 2788 1143 2818 nos
1173 2774 1340 2818 validos
1370 2775 1467 2818 fore
1499 2774 1691 2828 remiges
1718 2789 1816 2829 spe-

259 2859 372 2903 ravit
395 2859 651 2903 immortalis
681 2860 919 2903 memoriae
951 2859 1050 2903 Pius
1082 2859 1152 2903 VII
1183 2860 1254 2914 (ΙΙ,
1287 2859 1501 2914 437-442).
1537 2861 1691 2904 Cetera
1719 2860 1812 2904 vid.

260 2944 462 2990 Societas
482 2945 600 2999 Iesu,
621 2945 817 3001 Spiritus
841 2945 1102 2990 Societatis.

313 3069 475 3122 VOTA,
507 3084 618 3124 quae
644 3070 902 3114 emittuntur
931 3071 985 3114 ad
1013 3070 1232 3125 duplicem
1253 3072 1384 3115 finem
1406 3071 1634 3116 Societatis
1655 3072 1812 3116 melius

257 3155 619 3208 consequendum
649 3155 720 3209 (ΙΙ,
744 3155 829 3209 52),
863 3156 995 3200 totius
1026 3156 1258 3210 religiosae
1289 3156 1575 3210 perfectionis
1598 3171 1811 3202 summam

368 3254 496 3297 ΤΟΜΕ
529 3254 594 3297 IV.
1650 3258 1703 3301 32
