2315 3559
229 236 295 274 DE
313 235 619 274 REPETENDA
637 237 709 274 ss‚
730 237 900 289 PETRl,
920 238 1097 276 IOANN.
1118 239 1180 277 ET
1198 240 1350 278 ALPH.
1372 241 1612 280 MEMORIA
1649 226 1750 282 153

195 396 300 433 non
344 379 560 445 habent,
614 379 847 448 reliquas
900 381 1121 436 virtutes
1166 382 1239 436 ita
1283 385 1481 450 colunt,
1524 392 1581 437 ut
1629 385 1750 438 reli-

192 477 330 545 giosi
370 479 591 532 sortasse
631 480 896 546 homineS,
946 481 1036 535 sed
1083 481 1262 548 alieni,
1310 499 1416 536 non
1467 483 1532 537 de
1576 482 1747 536 Socie-

194 584 300 630 tate
338 594 451 631 esse
495 576 796 632 videantur.

259 675 342 730 16.
390 675 610 730 Sanetus
660 694 786 731 vero
847 678 1087 746 loannes,
1135 686 1193 732 ut
1237 696 1460 732 munera
1509 679 1740 747 pietatis,

192 775 266 829 ita
310 775 472 829 etiam
516 775 597 829 sui
640 776 840 842 gradus
879 777 1053 831 officia
1102 777 1333 845 explevit
1381 778 1446 832 ad
1497 795 1744 832 normam

192 875 371 941 legum
415 883 740 928 nostrarum.
795 874 994 930 Studiis
1022 876 1325 930 litterarum
1363 894 1486 930 oum
1526 895 1745 945 operam

190 980 426 1036 navaret,
477 973 725 1041 quamvis
771 974 880 1028 aeri
926 983 1064 1029 esset
1113 975 1350 1042 ingenio,
1410 976 1747 1043 diligentiam

193 1080 370 1126 tamen
419 1072 668 1126 adhibuit
723 1072 1070 1140 singularem,
1126 1082 1439 1143 tantamque
1490 1084 1748 1143 quantam

189 1169 243 1223 in
283 1172 428 1225 nullo
467 1171 730 1239 discipulo
759 1190 814 1226 se
851 1172 1049 1227 vidisse
1093 1181 1316 1228 testatus
1362 1182 1440 1228 est
1485 1175 1539 1228 P.
1590 1176 1751 1229 Fran-

189 1269 358 1324 ciscus
404 1270 768 1324 Piccolomini.
811 1272 994 1339 Neque
1030 1272 1083 1325 in
1111 1273 1337 1339 legendo
1375 1275 1455 1327 vel
1483 1274 1748 1328 studendo

190 1386 284 1422 suo
353 1370 647 1424 ducebatur
711 1370 955 1438 arbitrio,
1005 1372 1097 1425 sed
1161 1372 1404 1426 minimis
1473 1373 1635 1427 etiam
1695 1373 1749 1427 in

188 1468 346 1522 rebus
385 1469 769 1536 magistrorum
814 1470 1220 1537 obtemperabat
1263 1471 1517 1525 consiliis.
1560 1471 1750 1539 Singu-

188 1567 285 1621 lari
358 1567 501 1621 enim
574 1569 830 1623 adversus
904 1586 992 1623 eos
1061 1570 1154 1638 qui
1225 1588 1347 1624 euni
1412 1570 1748 1638 erudiebant,

191 1683 405 1734 semper
443 1675 556 1721 erat
601 1667 958 1722 observantia.

255 1763 638 1833 Superioribus
686 1783 811 1820 vero
862 1766 936 1820 ita
985 1784 1040 1821 se
1084 1767 1364 1834 probabat,
1412 1775 1471 1821 ut
1514 1785 1621 1822 non
1665 1786 1748 1822 so-

185 1865 297 1917 lum
352 1865 552 1932 regulis
608 1873 819 1933 pareret
876 1866 1288 1934 studiosissime,
1345 1868 1436 1921 sed
1496 1868 1745 1922 mandata

187 1963 371 2017 omnia
409 1964 669 2030 religione
714 1982 927 2019 summa
965 1974 1399 2033 persequeretur.
1443 1965 1655 2020 Solebat
1687 1985 1748 2021 ea

185 2079 323 2129 quae
350 2062 404 2116 in
430 2063 666 2117 triclinio
712 2064 979 2119 dabantur
1005 2073 1307 2133 praecepta,
1345 2066 1561 2120 chartae
1605 2084 1749 2120 com-

186 2161 417 2230 mittere,
471 2158 629 2231 saepe
672 2165 860 2218 eadem
900 2164 954 2218 in
994 2165 1313 2219 memoriam
1359 2166 1633 2231 reducere,
1681 2184 1747 2220 ne

185 2262 439 2329 peccandi
484 2263 785 2330 perieulum
830 2263 1050 2318 inferret
1094 2264 1313 2318 obliviO.

253 2360 361 2414 Hae
405 2361 703 2428 diligentia,
752 2363 851 2416 hae
895 2362 1209 2417 assiduitate
1255 2379 1442 2417 omnes
1524 2364 1745 2418 omnino

183 2467 359 2527 partes
410 2459 655 2528 implevit
704 2461 864 2515 officii
894 2469 1007 2515 tum
1035 2461 1272 2516 hominis
1317 2461 1576 2529 religiosi,
1629 2470 1744 2516 turn

182 2558 494 2613 Scholastici
538 2559 832 2614 SocietatiS.

250 2656 333 2710 17.
376 2658 560 2725 Neque
609 2660 718 2713 ullo
768 2659 821 2712 id
872 2659 1089 2726 negotio
1135 2667 1451 2714 consecutus
1498 2668 1593 2714 est.
1640 2660 1745 2712 Mi-

183 2756 339 2809 nima
392 2756 537 2810 enim
593 2758 830 2811 maccimi
883 2758 1024 2826 feeit,
1089 2767 1140 2812 et
1177 2758 1528 2812 constitutum
1591 2759 1746 2826 plane

183 2853 372 2907 habuit
403 2855 555 2923 sequi
583 2855 642 2908 iii
667 2856 918 2909 omnibus
951 2857 1392 2910 communitatem
1425 2863 1472 2910 et
1510 2857 1747 2909 vamme

182 2952 352 3006 odisse
429 2954 859 3021 singularitates,
915 2955 986 3008 Ea
1059 2973 1141 3009 res
1216 2963 1478 3022 quantum
1552 2954 1746 3007 habeat

183 3051 531 3119 difficultatis,
572 3052 727 3106 fateri
763 3070 870 3107 non
908 3053 1191 3108 dubitavit.
1232 3055 1351 3109 Meci
1382 3054 1740 3122 paenitentia,

183 3154 412 3221 dicebat,
466 3156 705 3210 maoeime
747 3162 821 3210 est
868 3157 981 3210 vita
1054 3158 1352 3211 communis
1443 3156 1742 3211 Imitatores

1863 677 2040 731 Reguhs

1890 733 2017 776 officii

1872 786 2037 831 obtem-

1884 848 2025 895 perat.

1884 2568 2021 2612 Vitam

1815 2637 2093 2686 communem

1834 2684 2035 2732 sequ1tur
2049 2692 2058 2731 ;

1851 2760 1991 2800 Cepari
2008 2769 2046 2800 p.

1880 2803 1911 2833 2.
1929 2802 1960 2842 §-
1976 2801 2028 2833 14.

1924 2964 1982 2996 lb.
