2315 3559
212 644 311 675 oum
330 629 488 684 spiritu

237 699 460 740 pugnans,

244 823 332 856 Gal.
344 825 377 862 5,
401 824 454 857 17.

226 1017 457 1061 discidium

252 1073 451 1116 inferens

198 1127 241 1172 in
259 1128 498 1171 humanum

269 1198 425 1236 genus.

245 1626 310 1657 Ps.
325 1626 379 1664 61,
398 1625 448 1658 10.

250 1723 347 1755 Gen.
363 1723 395 1761 6,
410 1724 443 1756 2.

319 1819 378 1852 Ib.

264 2220 323 2252 Ib.
339 2221 373 2259 6,
388 2220 420 2253 3.

561 240 663 296 222
734 252 985 298 EPISTOLA
1023 259 1072 298 R.
1117 259 1162 298 P.
1205 260 1257 298 N.
1299 257 1418 299 ΑΝΤ.
1469 254 1594 299 MAR.
1641 255 1949 300 ANDERLEDY

560 404 758 473 quibus
803 406 1038 460 mundus
1084 413 1353 460 veterator
1395 414 1604 461 constat
1646 413 1808 460 totus,
1857 406 1930 460 Ex
1968 424 2126 461 carne

559 514 852 561 naseuntur
878 507 968 560 illa
996 505 1292 561 domestica
1329 506 1691 574 intestinaque
1734 506 1957 574 proelia,
1987 523 2126 574 quae

561 605 702 661 inter
751 624 807 660 se
856 623 1050 673 corpus
1102 613 1153 660 et
1197 605 1409 659 animus
1460 605 1675 661 assidue
1724 613 1936 673 gerunt.
1989 605 2127 660 Caro

561 707 885 775 concupiscit
955 708 1209 760 adversus·
1279 707 1562 774 spiritum,
1637 707 1869 774 spiritus
1946 713 2127 761 autem

561 809 817 862 adversus
877 824 1130 871 carneym·
1192 806 1318 861 haec
1376 806 1526 860 enim
1579 807 1689 860 sibi
1748 807 2122 860 adversantur.

562 907 639 961 Ita
688 906 932 974 gentium
981 907 1285 974 Apostolus.

628 1007 677 1061 4.
733 1006 845 1060 Iam
891 1023 1018 1060 vero
1069 1005 1207 1060 sicut
1250 1005 1473 1074 spiritus
1519 1012 1571 1060 et
1614 1022 1738 1059 caro
1783 1004 1923 1060 inter
1967 1022 2022 1059 se
2071 1004 2127 1058 in

559 1122 666 1159 uno
730 1104 950 1159 homine
1016 1112 1277 1173 pugnant,
1342 1104 1416 1158 ita
1483 1104 1646 1159 etiam
1714 1103 1992 1158 hominem
2061 1103 2127 1158 ab

559 1203 781 1258 homine
831 1203 1140 1271 seiungunt,
1200 1203 1573 1272 dirimuntque
1628 1202 1852 1257 humani
1913 1201 2126 1270 generis

559 1303 891 1358 societatem.
938 1303 1041 1358 Alii
1088 1303 1232 1358 enim
1284 1303 1531 1358 homines
1588 1302 1803 1371 spiritui
1853 1301 2128 1370 obtempe-

558 1411 698 1471 rant,
763 1403 854 1458 alii
910 1403 1058 1458 carni
1115 1403 1430 1458 oboediunt.
1484 1402 1639 1457 Carni
1703 1402 1987 1456 obsecutus
2049 1409 2128 1456 est

558 1503 705 1571 Cain,
752 1503 901 1557 carni
945 1503 1287 1557 indulserunt
1330 1502 1426 1570 illi,
1475 1519 1610 1570 quos
1660 1500 1851 1556 Sacrae
1896 1500 2128 1555 Litterae

557 1605 701 1673 filios
745 1605 1034 1658 hominum
1078 1611 1289 1658 vocant.

629 1703 823 1759 Contra
866 1704 978 1771 filii
1013 1704 1115 1758 Dei
1152 1722 1182 1757 a
1219 1702 1364 1770 Seth,
1413 1702 1507 1771 qui
1551 1702 1641 1770 pio
1683 1701 1834 1756 Abeli
1873 1701 2126 1756 suffectus

558 1813 655 1873 est,
703 1806 903 1858 claram
967 1803 1214 1858 derivant
1263 1802 1550 1870 originem.
1597 1802 1780 1857 Filiae
1840 1801 2128 1856 hominum

558 1923 687 1960 vero
749 1905 816 1959 ad
879 1922 999 1959 suas
1062 1911 1241 1972 partes
1302 1904 1526 1958 trahunt
1586 1911 1638 1958 et
1696 1903 1763 1957 ad
1825 1901 2126 1970 nequitiam

557 2005 833 2060 abducunt
871 2005 1011 2059 filios
1051 2004 1145 2059 Dei
1184 2021 1353 2073 paene
1392 2021 1615 2070 omnes;
1657 2003 1905 2072 discitque
1939 2002 2083 2056 Deus
2110 2020 2128 2054 .·

555 2105 675 2160 Non
741 2104 1088 2173 permanebit
1151 2105 1385 2172 spiritus
1456 2122 1606 2159 meus
1671 2104 1728 2158 ιή
1794 2103 2012 2157 homine
2067 2101 2128 2155 in

557 2211 858 2272 aeternum,
914 2204 1048 2273 quia
1097 2222 1217 2258 caro
1266 2210 1358 2258 est.

628 2303 830 2360 Eadem
875 2311 956 2359 est
993 2303 1209 2359 discidii
1243 2303 1380 2358 ratio
1420 2302 1560 2358 inter
1598 2302 1738 2357 filios
1777 2302 1907 2369 Noe,
1938 2301 2126 2356 eadem

558 2405 698 2461 inter
742 2406 884 2460 filios
928 2406 1192 2460 Abrahae.

626 2506 842 2561 Certant
880 2505 1101 2574 spiritus
1151 2513 1204 2559 et
1247 2522 1370 2559 caro
1427 2505 1482 2558 in
1532 2504 1659 2558 filiis
1710 2504 1873 2571 IsaaC‚
1921 2509 2127 2557 certant

557 2605 613 2660 in
656 2607 901 2674 urbibus,
956 2606 1010 2660 in
1072 2606 1303 2674 populiS,
1346 2605 1588 2674 aliosque
1638 2604 1704 2659 ab
1759 2603 1878 2659 aliis
1934 2603 2127 2657 distra-

558 2707 711 2761 hunt

626 2806 705 2860 Ab
759 2806 986 2874 Adam0‚
1045 2805 1139 2873 qui
1201 2805 1267 2859 ab
1323 2804 1666 2860 oboedientia
1722 2803 1814 2858 Dei
1877 2802 2119 2870 descivit,

559 2907 626 2962 ad
688 2908 818 2975 Noe,
883 2925 913 2961 a
967 2907 1079 2961 Noe
1134 2907 1200 2960 ad
1256 2907 1548 2975 Abraham,
1607 2906 1674 2961 ab
1727 2906 1999 2960 Abraham
2056 2904 2121 2958 ad

559 3008 810 3076 Moysem‚
865 3025 893 3062 a
949 3007 1124 3075 Moyse
1178 3007 1244 3061 ad
1301 3007 1594 3062 adventum
1656 3005 1853 3062 Christi
1908 3005 2123 3060 Domini

559 3107 760 3162 exstitit
802 3106 928 3160 filiis
968 3105 1059 3160 Dei
1109 3123 1232 3160 cum
1272 3106 1398 3162 filiis
1437 3106 1742 3173 hominum,
1776 3105 1960 3159 virtuti
1998 3123 2121 3160 cum

560 3209 851 3277 voluptate,
906 3205 1120 3274 spiritui
1172 3224 1295 3262 cum
1345 3225 1503 3263 carne
1565 3213 1823 3275 perpetua
1878 3206 2116 3261 luctatio,
