2315 3559
236 217 303 256 DE
342 214 611 256 PERICULIS
648 215 935 254 TEMPORUM
977 213 1291 254 NOSTRORUM
1333 214 1582 254 CAVENDIS
1620 198 1718 255 307

165 363 332 417 nubes
383 363 497 416 sine
546 378 703 429 aqua,
756 378 785 414 a
835 359 1006 414 ventis
1062 360 1524 414 circumferamur.
1580 379 1605 412 »
1656 362 1720 413 At

166 480 292 516 vero
354 469 614 529 quantum
676 459 742 513 ab
802 460 903 513 hoc
965 459 1143 526 distat,
1198 459 1307 512 ΒΗ.
1375 459 1553 513 Patres
1601 460 1721 512 Fra-

165 569 380 628 tresque
438 559 703 614 carissimi
754 558 936 626 magni
993 557 1134 611 illius
1192 558 1427 625 parentis
1479 558 1717 626 spiritUS,

166 677 328 727 quem
367 659 521 713 nobis
559 659 696 712 Deus
735 658 1071 712 conditorem
1111 657 1276 724 dedit,
1308 657 1628 724 magistrum
1669 666 1719 711 et

165 760 451 827 exemplar.
513 757 747 824 Ignatius
811 757 1027 823 scilicet,
1081 757 1158 810 uti
1210 756 1423 810 Lainius
1475 756 1721 811 dictitare

165 858 460 924 consuevit,
509 865 622 912 erat
671 858 823 911 homo
866 875 1171 924 paucarum
1220 857 1529 921 veritatum,
1584 874 1721 924 quae

166 957 389 1011 minime
449 958 514 1011 ad
576 956 887 1025 passionum
952 955 1090 1009 vices
1146 955 1493 1023 fluctuabant,
1547 973 1721 1023 neque

166 1055 654 1110 contradictionum
694 1054 926 1109 tenebris
966 1054 1416 1119 obscurabantur;
1459 1055 1549 1108 sed
1580 1053 1721 1107 illius

166 1155 347 1209 animo
391 1154 603 1223 penitus
654 1154 874 1220 defixae,
924 1161 1158 1207 mentem
1203 1153 1438 1207 mirabili
1484 1153 1720 1222 quodam

165 1255 449 1322 splendore
494 1254 856 1319 illustrabant;
905 1253 977 1306 ita
1028 1261 1084 1306 ut
1134 1252 1248 1306 illas
1300 1252 1437 1306 mira
1487 1253 1722 1321 quadam

165 1353 418 1408 facilitate
462 1353 527 1407 ad
573 1353 777 1421 praxim
822 1353 1126 1406 deflecteret
1176 1359 1227 1406 et
1270 1352 1720 1420 accommodaret,

165 1458 217 1504 et
283 1451 414 1519 quid
482 1451 536 1505 in
604 1450 828 1518 singulis
885 1467 1067 1504 rerum
1125 1450 1402 1504 eventibus
1453 1451 1722 1517 agendum

166 1557 321 1616 esset,
353 1549 529 1617 primo
574 1566 741 1617 paene
776 1548 973 1603 intuitu
1013 1548 1362 1617 conspiceret.
1407 1549 1541 1603 Hinc
1586 1549 1724 1603 mira

168 1650 276 1717 illa,
307 1656 359 1704 et
385 1648 439 1702 in
479 1649 687 1715 agendo
726 1648 977 1715 efficacia,
1008 1656 1061 1701 et
1097 1648 1151 1701 in
1190 1647 1395 1702 maiore
1422 1648 1514 1702 Dei
1551 1648 1724 1715 gloria

166 1748 536 1817 promovenda
593 1755 644 1801 et
704 1747 944 1814 urgenda
1012 1746 1342 1801 incredibilis
1404 1748 1720 1802 constantia.

166 1847 300 1901 Nam
362 1865 529 1915 pauca
589 1846 678 1900 illa
739 1864 865 1901 vera
915 1846 1164 1900 omnibus
1226 1846 1368 1900 illius
1424 1846 1723 1901 actionibus

165 1946 329 2001 veluti
357 1947 441 2000 fax
466 1946 861 2015 praelucebant,
903 1954 954 2000 et
990 1963 1097 1999 non
1136 1946 1297 2000 modo
1336 1963 1443 2000 non
1482 1946 1726 2000 sinebant

165 2045 317 2100 illum
343 2045 410 2100 ab
435 2063 498 2100 eo
525 2045 760 2112 tramite,
791 2045 884 2113 qui
923 2044 1220 2099 rectissime
1257 2045 1323 2099 ad
1362 2045 1530 2099 Deum
1569 2046 1726 2100 duce-

166 2153 264 2213 ret,
313 2162 379 2200 ne
419 2146 501 2199 vel
545 2161 782 2212 unguem
833 2143 1055 2212 quidem
1100 2143 1377 2209 recedere;
1425 2144 1516 2198 sed
1544 2143 1724 2198 ‘etiam

167 2244 314 2299 illam
342 2244 631 2298 firmabant
655 2242 1057 2312 propositorum
1084 2242 1425 2297 tenacitatem
1452 2250 1505 2297 et
1530 2242 1725 2310 agendi

170 2345 298 2413 vim,
328 2362 466 2413 quae
492 2353 676 2399 notam
703 2343 980 2398 constituit
1008 2342 1171 2398 veluti
1199 2343 1528 2410 singularem
1556 2342 1724 2412 ipsius

168 2445 481 2501 sanctitatis
526 2445 730 2499 Paucae
768 2452 947 2498 autem
975 2443 1108 2498 istae
1134 2443 1404 2511 veritateS,
1436 2444 1501 2498 de
1528 2443 1724 2511 quibus

168 2544 409 2614 loquitur
457 2544 511 2598 P.
567 2543 802 2610 LainiUS,
849 2551 902 2598 et
955 2543 1150 2612 quibus
1196 2542 1390 2610 Ignatii
1447 2542 1725 2610 magnani-

169 2644 326 2698 mitas
395 2651 446 2697 et
500 2643 758 2697 fortitudo
819 2642 1166 2709 innitebatur,
1226 2659 1318 2696 eae
1378 2641 1525 2710 ipsae
1579 2648 1719 2708 sunt,

169 2760 302 2811 quas
342 2742 428 2797 ille
467 2741 521 2795 in
549 2741 732 2795 divino
760 2741 1147 2796 Exercitiorum
1186 2740 1557 2808 Spiritualium
1585 2740 1722 2794 libro

170 2843 323 2897 nobis
368 2841 587 2910 reliquit
631 2849 683 2896 et
725 2841 1141 2908 commendavit,
1183 2840 1384 2895 scilicet
1421 2839 1512 2895 Dei
1551 2839 1722 2906 gloria

170 2952 449 3011 tamquam
495 2959 704 3009 scopus,
752 2941 806 2995 in
844 2959 1005 3010 quem
1050 2941 1284 2995 actiones
1329 2958 1513 2995 omnes
1552 2940 1723 2994 inten-

172 3043 298 3096 dere
354 3042 630 3109 debemus,
696 3049 747 3096 et
801 3041 1041 3095 absoluta
1102 3040 1298 3096 Christi
1360 3039 1609 3106 imitatio,
1663 3048 1721 3093 ut

168 3142 490 3197 altissimum
546 3141 697 3195 illurn
742 3140 904 3195 finem
949 3141 1179 3209 perfecte
1223 3156 1589 3207 assequamur.
1641 3139 1717 3193 Ad

1894 761 1965 815 qui

1803 816 2064 859 veritatibus

1779 877 2090 924 supernatura-

1839 924 1952 968 libus
1976 925 2017 967 in

1839 979 2010 1032 agendo

1802 1033 2055 1087 regebatur,
