2315 3559
208 201 274 238 DE
296 196 600 238 REPETENDA
617 198 688 234 ss‚
709 196 879 246 PETRI,
899 194 1077 233 loANN.
1097 194 1160 232 ET
1177 193 1328 232 ALPH.
1350 194 1589 232 MEMORIA
1625 179 1718 234 451

244 343 382 398 Fieri
437 350 616 396 tamen
676 341 781 394 Deo
837 340 1053 393 iuvante
1108 338 1160 392 id
1217 354 1389 406 posse,
1448 337 1503 391 in
1558 338 1725 391 sancti

175 443 333 497 huius
390 441 587 495 Fratris
644 441 884 507 exemplo
940 446 1062 492 ante
1110 439 1291 492 oculos
1340 444 1436 491 est.
1485 436 1725 490 Demisso

174 543 338 609 igitur
385 540 565 595 animo
613 538 843 606 gratiam
889 537 1103 591 divinae
1151 536 1411 590 Maiestati
1458 536 1727 604 persolva-

174 657 291 693 mus
329 637 830 702 cumulatissimam,
873 636 1018 702 quod
1067 633 1344 688 Societatis
1391 632 1563 686 filium
1613 650 1725 687 esse

173 738 419 804 voluerit,
462 736 555 804 qui
594 736 915 790 documenta
960 734 1112 788 daret
1148 740 1258 787 tam
1308 731 1570 786 mirabilis
1609 749 1727 786 san-

172 837 387 892 ctitatiS.

239 936 322 991 13.
367 937 506 990 Haec
545 934 907 988 immortalem
946 932 995 986 S.
1041 931 1224 985 Ioanni
1272 930 1521 998 gloriam,
1570 930 1723 985 nobis

172 1035 526 1091 domesticum
553 1035 846 1088 attulerunt
873 1031 1231 1100 splendorem.
1262 1030 1394 1084 Sunt
1415 1029 1559 1084 enim
1587 1048 1724 1098 quae

172 1135 257 1203 pie
305 1141 593 1201 sancteque
647 1131 813 1200 gessit
867 1131 1110 1196 Ioannes,
1163 1128 1335 1184 laudis
1391 1128 1578 1197 ipsiUS,
1630 1129 1722 1183 sed

172 1233 332 1287 etiam
383 1230 676 1286 sanctitatis
726 1229 959 1283 Instituti
1014 1227 1185 1282 nostri
1234 1234 1601 1281 monumenta.
1655 1227 1727 1280 Ex

173 1332 424 1386 Instituto
475 1330 617 1385 enim
667 1336 851 1383 nostro
900 1327 1307 1394 integerrimam
1352 1326 1543 1381 didicit
1586 1325 1727 1381 vitae

171 1431 454 1497 rationem,
507 1447 614 1497 qua
663 1428 764 1482 rite
819 1426 1033 1493 cognita
1080 1434 1133 1480 et
1180 1433 1476 1493 perspecta,
1529 1424 1725 1479 Christi

170 1529 408 1584 Vicarius
436 1528 686 1583 caelitum
724 1527 1041 1581 Sanctorum
1068 1542 1191 1580 eum
1225 1541 1451 1578 numero
1478 1524 1721 1578 inseruit.

174 1631 445 1684 Praeclare
483 1627 649 1682 sensit
686 1627 752 1680 de
798 1625 1047 1679 Instituto
1091 1631 1274 1678 nostro
1321 1631 1372 1677 et
1419 1623 1553 1677 tanti
1603 1622 1727 1677 fecit

170 1730 477 1796 regularum
516 1727 734 1792 librum,
771 1731 831 1778 ut
875 1723 1110 1778 moriens
1149 1739 1272 1776 eum
1310 1729 1516 1776 teneret
1563 1738 1724 1775 manu

170 1836 238 1895 et,
281 1835 543 1895 quantum
581 1825 635 1879 in
674 1824 790 1892 ipso
827 1830 959 1890 erat,
1001 1821 1198 1876 inferre
1236 1821 1387 1875 illum
1426 1821 1480 1874 in
1518 1822 1724 1875 caelum

171 1929 303 1981 velle
336 1926 627 1980 videretur.
667 1922 850 1976 Intulit
883 1929 1062 1976 autem
1096 1921 1150 1975 in
1186 1920 1417 1988 gloriam
1451 1927 1724 1974 aeternam

170 2026 419 2081 eximiam
475 2025 540 2078 de
595 2020 1076 2078 Constitutionibus
1133 2018 1328 2073 nostris
1390 2018 1720 2086 opinionem,

169 2141 409 2179 amorem
459 2139 643 2177 earum
693 2119 1056 2186 verissimum,
1107 2125 1433 2185 gratumque
1480 2117 1722 2171 animum

170 2242 297 2290 erga
333 2220 610 2278 Societatis
649 2221 766 2274 Iesu
804 2218 1139 2273 conditorem
1177 2216 1227 2271 S.
1271 2215 1558 2283 Ignatium.

237 2323 320 2377 14.
362 2323 478 2376 Non
516 2320 676 2374 aliam
715 2335 878 2386 quam
916 2315 1370 2372 Constitutionum
1414 2323 1721 2369 nostrarum

171 2422 314 2476 viam
373 2427 715 2489 persecutum
771 2435 885 2472 esse
945 2416 1026 2471 S„
1061 2416 1334 2481 Ioannem,
1399 2422 1457 2468 ut
1517 2422 1720 2468 tantam

171 2522 311 2589 apud
350 2521 518 2573 Deum
556 2518 771 2572 laudem
810 2516 1093 2582 obtineret,
1146 2532 1229 2568 res
1275 2521 1353 2568 est
1395 2520 1506 2567 tam
1554 2522 1718 2580 certa,

170 2630 280 2675 tam
319 2619 550 2686 cognita,
581 2625 639 2671 ut
670 2634 735 2670 ne
772 2615 1095 2670 recensenda
1132 2613 1354 2682 quidem
1393 2630 1506 2667 esse
1544 2612 1724 2668 videa-

170 2727 274 2773 tur.
319 2717 439 2771 Fuit
475 2717 578 2769 hoc
615 2714 717 2783 ipsi
755 2715 888 2769 adeo
926 2714 1165 2777 firmum,
1208 2720 1267 2766 ut
1304 2719 1468 2766 staret
1515 2719 1724 2766 senten-

171 2818 263 2883 tia,
316 2817 481 2870 ardua
532 2813 711 2868 subire
758 2829 1150 2881 quaecumque,
1203 2811 1483 2865 exhaurire
1532 2812 1724 2865 moles-

171 2915 270 2969 tias
326 2923 378 2969 et
437 2929 741 2978 aerumnas,
807 2910 945 2964 mori
1007 2910 1169 2964 etiam
1231 2909 1410 2977 potius
1472 2926 1637 2977 quam
1693 2927 1722 2962 a

172 3015 357 3081 regula
394 3013 675 3066 deflectere
715 3010 794 3064 vel
834 3009 1078 3063 minima.

243 3110 520 3180 Proposito
560 3109 660 3164 sihi
699 3107 868 3163 divini
906 3106 1193 3162 Salvatoris
1231 3107 1492 3174 exempIO,
1539 3105 1724 3160 statuit

1795 925 1834 969 2.
1850 926 2069 970 Societati

1841 980 2016 1024 laudem

1823 1035 2043 1089 conciliat,

1784 2322 1897 2367 mori
1912 2322 2076 2377 potius,

1867 2391 1997 2431 quam

1820 2431 2042 2475 minimam

1834 2487 2031 2541 regulam

1806 2542 2052 2597 praeterire

1830 2602 2025 2651 paratus,
