2315 3559
245 206 311 244 DE
351 203 620 245 PERICULIS
657 202 945 245 TEMPORUM
987 203 1302 245 NOSTRORUM
1342 208 1592 247 CAVENDIS
1629 190 1727 249 ‘287

172 357 279 404 tate
323 358 375 404 et
418 350 878 417 magnanimitate,
910 368 1047 419 quae
1086 351 1341 405 iuvenum
1380 353 1726 432 est'maxime

172 448 409 516 propria,
441 450 584 502 nulla
611 466 784 516 neque
813 449 1010 503 virium
1039 467 1212 518 neque
1241 450 1498 518 temporis
1522 451 1726 505 ratione

172 547 370 602 habita.
420 548 549 603 Cum
599 548 836 616 primum
886 558 1065 603 autem
1110 567 1223 603 sese
1274 550 1328 603 in
1367 550 1455 603 illa
1493 550 1729 604 coniece-

171 653 313 713 runt,
368 646 579 715 illisque
628 664 683 701 se
745 655 883 701 totos
939 648 1287 714 devoverunt,
1353 648 1456 701 illis
1518 649 1722 715 suadet,

169 745 478 800 aberrantes
522 763 551 799 a
595 754 736 800 recta
776 746 862 800 via
901 755 952 801 et
990 747 1276 801 mundanis
1315 748 1472 801 rebus
1517 748 1726 802 deditos

169 859 276 897 non
320 861 432 898 esse
477 861 505 898 6
554 844 727 898 fronte
777 845 1187 913 oppugnandos,
1242 845 1458 899 illorum
1509 845 1725 913 ingenio

169 948 220 994 et
245 941 578 1009 temporibus
620 942 909 1010 prudenter
946 942 1337 1010 indulgendum
1375 961 1507 1010 esse,
1539 944 1725 998 decere

167 1042 309 1096 iuxta
359 1042 585 1110 apostoli
642 1051 986 1111 praeceptum
1048 1043 1298 1097 omnibus
1354 1043 1534 1097 omnia
1585 1044 1721 1110 fieri,

165 1142 400 1208 gaudere
444 1160 566 1197 cum
610 1143 968 1209 gaudentibus
1019 1152 1069 1198 et
1112 1145 1240 1199 flere
1284 1162 1405 1198 cum
1450 1144 1720 1210 flentibuS,

166 1249 217 1294 et
285 1241 528 1295 omnium
608 1242 1013 1296 necessitatibus
1085 1243 1329 1311 obsequi,
1407 1251 1465 1297 ut
1537 1261 1722 1297 omnes

165 1338 373 1394 Christo
400 1340 686 1394 lucrifiant.
719 1340 860 1404 Quae
900 1341 1081 1395 omnia
1125 1349 1177 1396 et
1214 1341 1550 1395 sanctissima
1579 1352 1719 1410 sunt,

165 1446 215 1493 et
242 1439 307 1493 ad
335 1438 426 1492 Dei
472 1438 702 1505 gloriam
742 1440 1167 1507 promovendam
1213 1440 1414 1493 mirum
1459 1450 1720 1508 quantum

164 1538 427 1606 iuvarent,
452 1539 556 1593 nisi
584 1539 637 1593 in
661 1557 876 1594 sensum
904 1540 969 1593 ab
997 1540 1246 1594 Instituto
1274 1548 1457 1594 nostro
1485 1541 1720 1594 alienum

162 1637 356 1692 deinde
394 1638 861 1706 detorquerentur.
905 1638 1005 1693 Sed
1050 1647 1166 1693 turn
1210 1640 1441 1693 naturali
1486 1641 1721 1707 quadam

162 1737 538 1806 propensione,
604 1746 718 1792 tum
786 1738 1009 1805 maligni
1083 1739 1302 1807 spiritus
1376 1739 1722 1806 instigatione

164 1836 315 1892 facile
376 1837 454 1904 fit,
519 1844 578 1891 ut
637 1854 825 1892 eorum
894 1855 1070 1892 mores
1134 1838 1329 1892 imitati
1397 1838 1719 1906 quibuscum

162 1935 499 1990 familiariter
534 1944 776 2004 utuntur,
807 1937 1066 2005 paulatim
1105 1937 1170 1991 iis
1203 1937 1365 1992 etiam
1409 1938 1567 1993 rebus
1607 1956 1720 1993 sese

162 2036 588 2103 accommodent,
619 2053 755 2104 quae
778 2054 885 2091 non
913 2036 1134 2091 omnino
1162 2037 1383 2091 deceant
1410 2037 1718 2105 religiosam

163 2135 329 2189 vitam
380 2153 543 2203 quam
588 2135 816 2204 professi
867 2145 1014 2203 sunt;
1062 2136 1249 2190 alienis
1294 2137 1523 2204 negotiis
1568 2155 1722 2191 mun-

163 2234 425 2302 danisque
468 2235 609 2289 curis
654 2253 768 2290 sese
806 2235 1100 2304 implicent,
1131 2254 1189 2291 ac
1228 2238 1445 2291 tandem
1484 2255 1538 2292 56
1576 2237 1720 2306 ipsos

163 2335 465 2402 neglegant,
518 2342 577 2388 ut
631 2335 749 2389 aliis
809 2335 1148 2390 auxilientur.
1203 2336 1352 2400 Quod
1415 2336 1458 2390 si
1520 2336 1719 2391 diaboli

163 2434 441 2489 fraudibus
486 2434 680 2489 irretiti
724 2435 1081 2503 periculosam
1120 2436 1257 2489 hanc
1296 2435 1439 2490 viam
1478 2435 1715 2504 inierint,

163 2534 314 2589 facile
370 2542 672 2588 assuescent
724 2534 1030 2602 religiosam
1087 2534 1446 2603 disciplinam,
1501 2553 1606 2590 non
1662 2544 1719 2590 ut

163 2634 536 2688 adiumentum
581 2635 647 2689 ad
693 2633 997 2688 animarum
1042 2635 1266 2689 salutem
1313 2635 1478 2689 tutius
1523 2644 1574 2690 et
1611 2636 1720 2690 effi-

163 2733 338 2787 cacius
377 2733 789 2801 procurandam,
821 2734 910 2788 sed
950 2742 1228 2803 tamquam
1267 2734 1716 2803 impedimentum

164 2853 407 2902 censere;
438 2854 467 2889 a
506 2836 910 2891 moderatorum
948 2838 1111 2895 ductu
1149 2839 1412 2906 refugere,
1444 2846 1495 2893 et
1528 2839 1712 2899 multa,

164 2934 268 2988 illis
329 2934 529 3002 insciiS,
606 2935 852 3002 operari;
917 2936 982 2989 ad
1045 2953 1413 3004 quascumque
1483 2936 1716 3003 privatas

165 3035 321 3089 aedes
383 3034 755 3102 imprudenter
815 3035 1100 3101 accedere;
1161 3036 1418 3104 quicquid
1483 3035 1715 3089 insolens

164 3152 474 3203 novumque
512 3135 733 3202 accidat,
777 3134 976 3203 videre,
1013 3136 1220 3204 audire,
1259 3137 1454 3204 legere,
1496 3136 1713 3202 rimari;
