2315 3559
216 2262 330 2305 Suae
359 2262 489 2307 etiam

264 2319 432 2371 gratiae

242 2373 462 2417 debentur

270 2429 434 2473 nostris

321 2484 376 2527 ob

224 2539 474 2583 indefessos

263 2594 441 2638 labores

252 2649 295 2693 in
323 2651 452 2693 vinea

256 2704 443 2748 Domini.

567 185 668 240 272
827 201 1076 240 EPIsTotA
1116 203 1163 241 R.
1209 203 1254 240 P.
1297 203 1347 240 N.
1395 202 1637 241 Luoovml
1679 202 1877 241 MARTIN

566 353 776 400 tantum
827 348 976 402 abest
1024 356 1083 401 ut
1143 347 1394 402 Societati
1451 347 1682 402 faverint
1738 347 1991 416 illiusque
2050 349 2130 402 in-

566 455 718 515 cepta
787 447 1221 515 secundaverint,
1289 455 1345 501 ut
1411 464 1518 501 non
1588 449 1752 502 semel
1809 449 2006 515 palam,
2061 448 2127 502 ad

567 547 991 602 internecionem
1053 564 1224 614 usque
1274 547 1477 601 indicto
1539 547 1699 615 bellO,
1753 547 1901 601 illam
1952 547 2130 602 inexo-

566 647 807 702 rabiliter
862 646 1247 714 lacessiverint,
1300 647 1523 701 infamia
1585 647 1909 715 notaverint,
1973 647 2130 701 bonis

566 747 934 816 expilaverint,
983 765 1042 801 ac
1093 747 1258 801 veluti
1299 747 1523 801 humani
1568 747 1781 814 generis
1832 746 2129 815 perniciem

564 865 623 901 ac
685 855 891 915 pestem
954 864 981 901 e
1049 847 1159 901 suis
1232 847 1457 901 urbibus
1526 850 1780 915 exsulem,
1859 855 2127 902 extorrem

565 948 797 1015 egerint:
847 947 982 1001 nihil
1034 947 1268 1016 denique
1319 948 1644 1002 intentatum
1691 947 2012 1016 reliquerint
2062 949 2127 1002 ad

564 1047 707 1100 illius
760 1063 957 1101 nomen
1009 1047 1318 1102 delendum.
1378 1048 1485 1102 Deo
1543 1048 1728 1115 igitur,
1776 1048 1997 1116 Deoque
2036 1047 2130 1101 uni

566 1155 786 1214 accepta
848 1147 1128 1201 reserenda
1197 1155 1276 1202 est
1336 1148 1445 1202 vita
1507 1165 1614 1216 qua
1683 1148 1916 1201 fruimur
1976 1165 1986 1201 :
2052 1147 2129 1200 illi

564 1248 758 1301 domus
821 1265 959 1316 quae
1022 1265 1119 1302 nos
1180 1247 1490 1317 recipiunt;
1573 1248 1650 1302 illi
1709 1248 1847 1302 mira
1916 1247 2130 1301 virtutis

562 1348 956 1415 exsuperantia,
1010 1365 1118 1416 qua
1179 1347 1458 1402 Societatis
1509 1348 1672 1402 arbor
1733 1365 1914 1402 ramos
1964 1347 2131 1402 exerit

563 1448 776 1516 lateque
826 1449 1138 1516 protendi·t;
1208 1448 1285 1502 illi
1348 1466 1508 1503 omne
1569 1466 1738 1515 genus
1796 1448 2126 1514 adiumenta,

562 1566 701 1616 quae
739 1548 953 1604 abunde
998 1549 1346 1617 suppeditant
1389 1550 1455 1604 ad
1506 1548 1599 1603 Dei
1643 1548 1874 1616 gloriam
1919 1556 1971 1602 et
2020 1547 2132 1602 ani-

563 1668 778 1705 marum
817 1652 1045 1706 salutem
1091 1652 1510 1720 procurandam.
1562 1650 1786 1718 Ingenui
1836 1667 1965 1717 ergo
2010 1666 2131 1716 gra-

562 1751 713 1819 tique
764 1759 842 1806 est
886 1752 1055 1806 animi
1100 1751 1177 1805 illi
1223 1753 1289 1806 de
1338 1759 1418 1806 tot
1470 1750 1784 1818 benefactiS,
1833 1767 1971 1819 quae
2032 1750 2130 1803 hu-

562 1869 766 1920 cusque
833 1852 1077 1920 contulit,
1150 1851 1476 1919 promeritas
1549 1852 1749 1906 referre
1822 1849 2006 1904 laudes
2081 1856 2132 1903 et

561 1952 800 2020 gratias;
866 1952 921 2006 in
972 1970 1145 2021 eoque
1190 1970 1309 2021 spes
1356 1961 1564 2007 nostras
1605 1970 1792 2007 omnes
1843 1967 2124 2019 reponere,

562 2061 614 2107 et
681 2053 997 2107 firmissime
1072 2053 1346 2108 confidere
1414 2052 1917 2121 praesentissimum
1986 2050 2129 2105 illius

563 2171 765 2208 numen
809 2171 907 2208 nec
956 2154 1010 2208 in
1054 2161 1332 2222 posterum
1379 2154 1534 2208 nobis
1579 2154 1911 2208 defuturum.

629 2256 680 2308 4.
725 2254 922 2308 Verum
961 2252 1153 2321 primis
1191 2253 1275 2306 his
1326 2270 1383 2307 ac
1424 2252 1741 2321 potissimis,
1789 2259 1848 2306 ut
1886 2251 2125 2318 decebat,

562 2353 779 2408 tributis
819 2354 1063 2422 partibus
1103 2354 1209 2408 Deo
1249 2371 1309 2407 ac
1348 2353 1576 2408 Domino
1616 2361 1821 2420 nostrO,
1848 2351 1942 2420 qui
1981 2359 2127 2405 tanta

561 2454 894 2521 benignitate
939 2473 998 2509 ac
1038 2454 1412 2509 misericordia
1450 2453 1728 2509 Societatis
1768 2452 2126 2508 incolumitati

560 2562 612 2609 et
673 2554 1006 2609 incremento
1069 2554 1357 2622 praesidet,
1412 2553 1558 2608 aliud
1616 2560 1862 2621 superest
1910 2551 2124 2620 pietatis

559 2653 810 2722 gratique
859 2652 1028 2707 animi
1073 2653 1329 2721 officium,
1377 2653 1462 2707 cui
1514 2652 1626 2720 ipse
1665 2670 1792 2720 erga
1842 2669 1935 2706 vos
1974 2651 2127 2706 satis-

560 2754 783 2820 faciam;
850 2771 976 2821 erga
1045 2770 1158 2820 VOS,
1236 2753 1479 2821 inquam,
1554 2754 1734 2807 Patres
1804 2753 2124 2820 Fratresque

558 2853 846 2921 carissimi,
894 2853 988 2921 qui
1034 2853 1166 2907 nulli
1219 2853 1437 2921 parcitis
1488 2853 1660 2907 labori
1704 2861 1756 2907 et
1805 2852 2119 2919 industriae,

562 2962 620 3008 ut
670 2961 882 3008 vosmet
935 2953 1042 3007 Deo
1104 2961 1227 3021 apta
1284 2953 1643 3007 instrumenta
1693 2951 1993 3020 praebeatis
2055 2951 2120 3004 ad

559 3053 960 3108 divinissimum
1024 3054 1123 3106 hoc
1186 3071 1319 3121 opus
1370 3053 1554 3107 salutis
1611 3052 1916 3107 animarum
1979 3051 2121 3104 illius

558 3155 723 3209 ductu
762 3163 814 3210 et
854 3153 1050 3208 virtute
1090 3153 1501 3223 perficiendum.
1535 3153 1731 3217 Quidni
1781 3153 1926 3208 enim
1971 3160 2122 3220 pater
