2315 3559
251 207 319 245 DE
358 203 628 244 PERICULIS
665 204 952 243 TEMPORUM
993 205 1307 244 NOSTRORUM
1347 206 1597 245 CAVENDIS
1633 190 1734 247 303

181 351 457 405 mesticam
508 349 847 417 disciplinam
887 350 1285 417 posthaberent‚
1327 350 1370 404 si
1421 351 1642 405 lectores
1681 361 1733 406 et

180 449 424 516 magistri
479 451 544 504 ad
594 450 832 503 scholam
883 448 1133 516 imparati
1185 457 1469 517 propterea
1519 452 1733 505 accede-

179 557 321 615 rent;
376 548 420 602 si
466 548 600 602 sacri
651 556 907 616 oratoreS,
955 548 1240 602 elaboratis
1291 549 1631 603 contionibus
1682 558 1733 603 et

177 648 474 702 necessaria
518 648 844 716 supellectile
882 656 1166 716 propterea
1204 648 1465 715 destituti,
1503 666 1562 703 ex
1600 657 1733 702 tem-

178 764 306 815 pore
359 747 518 801 verba
568 749 829 814 facerent;
886 748 928 801 si
991 748 1245 816 praefecti
1301 747 1522 815 spiritus
1575 765 1732 814 aegre

178 846 467 901 invisentes
524 846 828 914 exciperent
886 847 1178 915 paucisque
1240 846 1576 901 dimitterent
1594 865 1605 911 ;
1666 846 1728 912 si,

177 945 419 1013 inquam,
479 945 793 1000 huiusmodi
845 954 1020 1000 essent
1069 946 1479 1014 ephemeridum
1530 945 1733 1000 libello-

177 1062 407 1113 rumque
467 1044 669 1100 assidui
725 1046 974 1112 cultoreS,
1039 1063 1215 1100 nonne
1272 1045 1554 1099 manifesto
1612 1063 1734 1113 pro-

175 1145 380 1212 derent,
423 1162 536 1199 sese
575 1145 628 1198 in
667 1144 771 1198 illis
810 1163 916 1199 non
954 1162 1212 1213 quaerere
1251 1162 1359 1213 quo
1409 1163 1504 1199 sua
1549 1145 1732 1199 munia

175 1245 350 1313 aptius
395 1253 446 1299 et
489 1245 762 1300 decentius
801 1245 1076 1313 impleant,
1118 1247 1209 1300 sed
1254 1245 1432 1313 potius
1478 1262 1585 1313 quo
1630 1244 1732 1298 sibi

174 1343 488 1410 indulgeant
548 1352 600 1398 et
659 1344 882 1398 vanitati
943 1353 1104 1412 atque
1165 1344 1464 1398 curiositati
1526 1344 1733 1398 satisfa-

174 1442 348 1496 ciant?
385 1443 571 1497 Nonne
608 1443 918 1498 testimonio
958 1462 1054 1498 suo
1093 1444 1390 1498 luculenter
1416 1443 1733 1512 comproba-

174 1550 311 1610 rent,
342 1560 506 1610 quam
546 1543 814 1612 sapienter
852 1552 903 1598 et
941 1552 1242 1612 opportune
1280 1543 1731 1610 Congregationes

173 1649 224 1696 et
251 1642 546 1711 Praepositi
584 1643 865 1697 Generales
903 1660 1026 1697 suos
1066 1642 1210 1697 hisce
1248 1642 1566 1697 lectionibus
1597 1642 1730 1696 fines

172 1742 585 1796 constituerint?

241 1841 324 1897 28.
366 1844 540 1911 Atque
597 1842 649 1897 id
704 1860 765 1897 eo
817 1842 1008 1910 magis,
1063 1844 1228 1910 quod,
1288 1850 1501 1911 praeter
1559 1851 1637 1896 tot
1681 1850 1733 1896 et

172 1950 283 1996 tam
332 1942 518 2009 gravia
568 1942 764 1996 damna
815 1959 953 2010 quae
1005 1942 1128 1997 inde
1184 1942 1409 2009 singulis
1471 1942 1628 1996 sociis
1680 1950 1733 1996 et

175 2041 489 2096 ministeriis
547 2041 744 2096 nostris
797 2041 992 2096 merito
1046 2041 1320 2108 timemuS,
1386 2042 1556 2096 multo
1613 2059 1732 2108 gra-

173 2140 323 2194 viora
360 2142 499 2194 mala
536 2140 759 2208 integris
787 2141 1037 2196 domibus
1065 2149 1116 2195 et
1144 2140 1457 2208 ProvinciiS‚
1488 2141 1731 2208 adeoque

173 2239 425 2295 universo
475 2239 752 2295 Societatis
802 2240 970 2309 ipsius
1020 2240 1234 2309 corpori
1280 2248 1404 2294 sunt
1452 2240 1732 2308 pertimes-

172 2339 357 2394 cenda.
383 2340 519 2404 Quid
548 2340 692 2395 enim
719 2339 968 2395 Societati
1006 2348 1219 2396 nostrae
1247 2340 1418 2408 magis
1458 2341 1730 2395 funestum

173 2447 225 2494 et
274 2439 557 2494 exitiosum
601 2439 815 2495 evenire
858 2448 1054 2508 posset,
1097 2457 1260 2508 quam
1311 2439 1355 2494 si
1405 2441 1733 2494 relaxaretur

174 2539 507 2594 artissimum
567 2539 698 2593 illud
759 2539 1124 2594 consensionis
1186 2548 1237 2594 et
1292 2539 1568 2593 charitatis
1619 2538 1732 2592 vin-

175 2640 373 2706 culum,
433 2656 540 2706 quo
591 2638 802 2706 singula
856 2639 1100 2694 membra
1149 2639 1289 2694 inter
1339 2656 1393 2693 se
1438 2647 1490 2694 et
1550 2637 1730 2693 omnia

175 2755 298 2792 cum
325 2737 498 2806 capite
524 2737 957 2805 coniunguntur?
983 2739 1094 2793 Iam
1123 2756 1249 2794 vero
1276 2738 1549 2793 neminem
1582 2739 1727 2804 latet,

178 2844 440 2905 quantum
487 2838 696 2891 valeant
749 2837 1122 2906 ephemerides
1178 2846 1229 2893 et
1272 2838 1375 2892 alia
1417 2837 1531 2892 eius
1574 2854 1731 2904 gene-

176 2936 250 2990 ris
301 2936 497 3005 scripta
548 2936 610 2990 ad
665 2954 852 2991 eorum
903 2945 1108 2992 mentes
1169 2937 1559 3006 perturbandas
1621 2935 1732 2989 ani-

177 3053 402 3103 mosque
445 3037 882 3103 commovendOS‚
925 3036 1018 3104 qui
1068 3036 1122 3090 in
1172 3036 1276 3090 illis
1321 3036 1560 3103 legendis
1610 3043 1731 3088 sunt

177 3134 397 3189 assidui.
458 3135 597 3190 Fieri
665 3135 807 3189 enirn
869 3135 1073 3203 nequit,
1142 3136 1274 3204 quin
1341 3134 1444 3189 illis
1511 3134 1726 3202 assueti,

1851 1852 2029 1904 Damna,

1819 1923 1931 1962 quae
1954 1908 2055 1952 inde

1790 1963 1983 2007 timenda
2001 1969 2102 2007 sunt

1777 2019 1855 2062 toti
1883 2018 2100 2063 Societati.
