2315 3559
195 2568 462 2622 Regularum

211 2624 457 2669 amantissi-

275 2694 374 2724 mus

206 2734 247 2777 S.
275 2735 446 2788 Petrus,

544 193 645 249 178
719 207 968 249 EPISTOLA
1006 209 1055 249 R.
1098 211 1145 249 P.
1187 210 1240 249 N.
1282 209 1402 249 ANT.
1452 210 1576 249 MAR.
1624 210 1933 249 ANDERLEDY

543 355 890 423 praestabant
926 355 1151 410 civibus.
1194 357 1366 424 Atque
1409 355 1614 410 civibus
1654 354 1783 423 ipsis
1823 357 2109 410 molestum

543 464 658 510 erat
707 456 944 511 incidere
988 456 1043 510 in
1082 456 1336 524 Nigritas,
1390 473 1511 509 cum
1551 455 1744 523 pedem
1789 455 1843 509 in
1882 455 2112 510 Societa-

542 557 610 611 tis
654 565 868 612 nostrae
911 558 1181 625 templum
1227 557 1504 610 inferrent.
1561 555 1731 611 Iidem
1771 556 1923 610 illum
1975 556 2112 611 vitu-

541 656 804 725 perabant
837 656 939 710 viri
973 655 1298 710 sanctissimi
1334 673 1541 710 morem
1595 657 1735 710 solos
1769 673 1867 724 pro
1907 657 2111 711 confes-

542 755 692 810 sione
765 755 1022 810 audiendi
1083 755 1339 823 NigritaS,
1398 772 1563 823 quam
1626 755 1720 810 diu
1780 762 1957 810 essent
2015 754 2111 824 qui

542 864 759 923 peccata
797 855 1067 923 deponere
1109 856 1330 922 vellent3
1372 854 1564 910 ceteris
1593 871 1720 909 vero
1747 862 1863 908 tum
1901 862 2111 909 tantum

542 973 697 1010 aures
742 955 1019 1024 praebere,
1066 973 1189 1010 cum
1234 955 1347 1010 eius
1387 973 1550 1024 opera
1595 973 1703 1010 non
1741 957 2112 1025 requireretur

542 1074 571 1110 a
611 1055 913 1124 mancipiis,

612 1158 833 1213 Interim
873 1158 1265 1225 Carthagenam
1302 1158 1447 1212 venit
1481 1158 1795 1213 Provinciae
1832 1158 2107 1213 Visitator.

542 1259 689 1313 Hanc
739 1259 1202 1328 opportunitatem
1252 1258 1395 1313 nacti
1446 1259 1766 1328 municipes,
1814 1259 1909 1329 qui
1955 1259 2110 1315 Petro

541 1360 874 1429 invidebant,
904 1378 1096 1428 graves
1134 1361 1201 1415 de
1235 1361 1336 1414 hoc
1375 1361 1441 1415 ad
1481 1360 1633 1415 illum
1678 1362 1925 1429 querelas
1970 1361 2113 1416 defe-

540 1469 684 1529 runt,
733 1462 866 1516 falsa
915 1469 1191 1530 promunt,
1239 1479 1475 1530 quorum
1519 1470 1681 1530 caput
1718 1463 1819 1516 hoc
1857 1461 1976 1530 fuit,
2018 1461 2111 1516 Dei

540 1579 758 1616 servum
802 1579 893 1616 eos
931 1562 1096 1617 etiam
1133 1561 1404 1631 baptismo
1448 1563 1721 1631 lustrasse,
1762 1562 1857 1630 qui
1900 1562 2111 1617 Christo

540 1661 739 1716 initiati
784 1662 892 1716 iarn
943 1661 1186 1718 fuissent.
1241 1661 1318 1717 Ob
1367 1679 1487 1716 eam
1536 1679 1653 1717 rem
1697 1680 1726 1716 a
1770 1679 1920 1716 sacro
1965 1663 2111 1717 fonte

540 1761 811 1816 abstinere
873 1761 1069 1830 iussuS,
1124 1761 1357 1816 demisse
1407 1769 1459 1816 et
1507 1761 1788 1816 humiliter
1836 1761 2112 1830 obtempe-

541 1861 699 1930 ravit,
730 1870 782 1917 et
819 1862 1069 1930 quamvis
1108 1863 1284 1917 honor
1320 1869 1573 1929 ageretur
1616 1870 1668 1917 et
1705 1863 1865 1930 fama,
1913 1862 2109 1917 horum

540 1960 677 2015 nihil
728 1961 1164 2017 moderatoribus
1215 1961 1430 2016 obiecit.

609 2060 746 2124 Quid
786 2063 999 2116 multa?
1036 2062 1285 2130 Ingentes
1323 2068 1536 2116 sanctus
1575 2060 1665 2115 ille
1704 2060 1786 2115 vir
1823 2060 2111 2116 exantlavit

540 2159 769 2229 laboreS,
800 2169 963 2230 atque
1002 2160 1269 2216 immanes
1313 2160 1557 2216 exhausit
1606 2177 1891 2215 aerumnas
1943 2177 2110 2229 usque

540 2277 622 2329 e0,
687 2268 746 2315 ut
806 2261 975 2316 instar
1030 2261 1278 2316 miraculi
1341 2278 1454 2316 esse
1517 2260 1782 2329 videatur,
1846 2262 1993 2329 quod
2055 2260 2110 2314 in

540 2363 816 2430 operando
847 2350 1170 2431 perstiterit,
1212 2379 1309 2416 nec
1347 2361 1637 2417 cessaverit
1674 2362 1729 2416 in
1767 2361 2110 2417 contentione

541 2462 888 2532 intolerabili,
936 2481 1101 2533 quam
1140 2463 1386 2518 assiduae
1425 2464 1773 2518 cumulabant
1810 2463 2105 2519 molestiae.

609 2563 693 2617 Μ.
742 2563 843 2619 Sed
883 2563 1194 2618 mirandum
1229 2571 1309 2618 est
1351 2563 1483 2618 illud
1524 2563 1686 2618 etiam
1727 2563 1920 2632 magiS,
1962 2564 2108 2632 quod

540 2682 637 2719 nec
682 2664 910 2732 laboreS,
958 2682 1054 2719 nec
1099 2682 1183 2719 res
1227 2664 1484 2720 adversae
1527 2665 1793 2720 excelsum
1843 2665 2109 2720 abducere

539 2763 785 2818 animum
840 2772 1132 2833 potuerunt
1186 2781 1215 2818 a
1271 2764 1412 2819 vitae
1461 2772 1677 2820 nostrae
1721 2764 1929 2819 ratione
1978 2772 2030 2819 et
2078 2783 2109 2819 a

539 2864 747 2932 legibus
820 2864 1117 2919 SocietatiS.
1171 2864 1298 2928 Quis
1359 2882 1621 2933 umquam
1682 2865 1892 2920 labores
1953 2865 2109 2920 susti-

538 2964 656 3019 nuit
700 2966 780 3019 vel
838 2966 1038 3033 plureS,
1095 2965 1176 3019 vel
1227 2964 1474 3020 duriores
1524 2973 1577 3019 et
1626 2965 1799 3032 magis
1853 2965 2107 3020 molestos

538 3064 750 3135 etquis
790 3082 1053 3134 umquam
1088 3064 1403 3133 disciplinae
1432 3065 1758 3121 domesticae
1797 3065 1898 3119 fuit
1936 3066 2108 3120 cultor

540 3165 714 3234 magis
758 3164 1023 3221 eximius?
