2315 3559
247 243 313 282 DE
338 242 593 281 VANITATE
620 241 798 279 RERUM
828 239 1159 278 HUMANARUM
1189 238 1575 278 CONTEMNENDA
1611 224 1703 278 261

162 395 239 442 est
276 394 513 441 sanctam
550 403 578 440 a
616 384 768 439 nobis
807 383 912 438 dici
946 391 1336 453 paupertatem,
1375 400 1493 438 eam
1531 383 1710 438 efferri

161 487 426 542 laudibus.
477 487 714 551 ParatuS,
762 483 1018 537 suadente
1069 484 1272 549 regula,
1319 482 1550 550 quisque
1599 500 1712 537 esse

161 586 392 652 debebit,
440 583 668 652 experiri
713 581 1041 651 paupertatis
1086 581 1324 647 effectuS,
1373 589 1531 649 atque
1578 581 1711 635 adeo

161 684 467 739 mendicum
494 700 549 737 se
575 682 761 736 sistere
788 688 909 734 ante
942 687 1121 748 portas
1148 698 1206 734 ac
1234 696 1426 748 panem
1454 697 1712 747 quaerere

160 783 414 849 ostiatim,
444 782 660 850 quando
705 781 786 834 vel
820 779 1159 834 oboedientia
1204 780 1284 833 vel
1328 777 1612 833 necessitas
1657 778 1709 833 id

159 882 349 950 exiget.

227 980 398 1044 Quare
459 979 535 1033 illi
596 978 845 1045 religiose
905 977 1123 1043 faciunt,
1189 976 1282 1045 qui
1344 976 1398 1030 in
1460 994 1516 1030 re
1576 977 1711 1031 tanti

159 1079 437 1146 momenti,
485 1078 577 1133 ubi
617 1086 801 1132 votum
846 1076 1175 1145 paupertatis
1220 1076 1414 1143 agitur,
1457 1075 1558 1130 sibi
1603 1093 1710 1131 non

158 1179 455 1246 indulgent,
498 1195 593 1232 nec
633 1185 901 1231 sectantur
942 1176 1101 1230 huius
1142 1175 1281 1231 vitae
1320 1175 1706 1242 iucunditates;

157 1278 251 1346 qui
308 1295 387 1345 ea,
441 1295 579 1345 quae
628 1283 868 1344 spectant
927 1276 993 1329 ad
1043 1274 1283 1343 corporis
1332 1275 1583 1342 nitorem,
1643 1275 1708 1329 ad

159 1377 385 1432 vestium
458 1384 508 1431 et
573 1375 817 1430 ciborum
884 1375 1168 1441 delectum,
1232 1375 1297 1429 ad
1366 1374 1709 1443 supellectilis

157 1475 498 1543 elegantiam,
571 1481 846 1542 respuunt,
919 1473 1204 1541 repudiant
1264 1480 1425 1541 atque
1487 1473 1710 1540 indigna

156 1583 373 1630 censent
421 1581 736 1642 paupertate
785 1572 905 1626 Filii
955 1572 1065 1626 Dei.

226 1674 304 1728 Ita
365 1673 620 1739 sentiunt,
680 1672 773 1740 qui
845 1679 969 1726 sunt
1024 1671 1089 1725 ad
1162 1688 1410 1725 normam
1474 1671 1708 1726 Instituti

156 1772 346 1839 nostri,
393 1790 500 1827 non
551 1779 730 1826 autem
774 1771 839 1825 ad
881 1770 1069 1825 mundi
1110 1778 1161 1824 et
1205 1770 1351 1837 vulgi
1396 1769 1708 1838 opinionem

156 1872 440 1941 sapientes
508 1870 774 1937 Religiose
843 1869 1005 1925 etiam
1079 1887 1139 1923 ac
1210 1869 1442 1924 fideliter
1508 1869 1710 1924 faciunt

155 1970 487 2039 SuperioreS,
530 1969 623 2038 qui
668 1987 729 2023 ea
777 1968 1019 2036 quidem,
1062 1985 1199 2037 quae
1254 1969 1321 2023 ad
1366 1969 1588 2023 honeste
1633 1968 1710 2023 vi-

155 2070 391 2125 vendum
435 2077 558 2123 sunt
601 2067 917 2134 necessaria,
948 2085 1046 2136 pro
1091 2068 1340 2122 facultate
1383 2085 1442 2121 ac
1481 2067 1705 2135 viribuS,

155 2168 412 2236 praebent
454 2167 636 2221 animo
679 2166 886 2233 libenti,
934 2165 1027 2233 qui
1083 2164 1375 2219 valetudini
1432 2164 1534 2219 sibi
1588 2166 1710 2220 sub-

155 2266 417 2321 iectorum
480 2264 832 2334 prospiciunt,
881 2264 1278 2331 aegrotantium
1329 2281 1612 2319 aerumnas
1657 2273 1710 2320 et

155 2365 501 2421 incommoda
545 2364 825 2419 sublevant
841 2382 852 2430 ;
901 2364 1204 2432 paupertati
1247 2371 1428 2418 tamen
1477 2365 1708 2419 tuendae

154 2483 339 2520 curam
396 2481 615 2519 omnem
677 2463 952 2529 adhibent,
1018 2481 1113 2517 sua
1173 2462 1353 2531 aliqua
1415 2480 1548 2530 esse,
1619 2465 1705 2519 vel

154 2567 388 2636 pretiosa
449 2565 696 2632 detineri,
755 2561 959 2619 nemini
1014 2564 1311 2632 indulgent.
1374 2564 1493 2618 Pari
1550 2565 1707 2620 laude

155 2675 206 2722 et
264 2665 732 2721 commendatione
789 2664 1068 2733 potiuntur
1128 2664 1205 2718 illi
1267 2664 1558 2733 praesideS,
1611 2665 1705 2734 qui

154 2783 547 2835 supervacanea
589 2772 804 2831 negant,
845 2763 1161 2832 praesertim
1205 2781 1328 2818 cum
1372 2763 1566 2819 itinera
1614 2782 1705 2833 ap-

154 2873 426 2934 petuntur.
493 2862 676 2917 Itineri
731 2862 875 2917 enim
937 2881 991 2917 se
1057 2863 1394 2918 committere
1449 2862 1700 2931 longiori,

155 2972 363 3019 tantum
413 2963 580 3018 animi
629 2981 805 3030 causa,
865 2963 1010 3017 salva
1053 2962 1382 3032 paupertatis
1433 2964 1567 3030 lege,
1614 2980 1704 3018 ne-

153 3063 287 3118 mini
325 3064 464 3118 licet.
518 3064 703 3131 Neque
766 3061 911 3117 enim
967 3061 1068 3116 iter
1112 3061 1470 3129 ingredimur,
1517 3069 1575 3116 ut
1624 3061 1703 3115 iu-

155 3162 414 3218 cunditati
457 3180 554 3216 nos
592 3163 718 3216 dare
761 3178 1040 3229 queamuS,
1082 3160 1173 3215 sed
1211 3168 1271 3214 ut
1313 3177 1426 3215 rem
1465 3159 1701 3228 aliquam
