2315 3559
235 225 301 264 DE
326 223 583 264 VANITATE
609 223 788 262 RERUM
818 221 1152 261 HUMANARUM
1181 220 1568 259 CONTEMNENDA
1604 204 1705 261 *255

148 370 214 424 ad
286 370 543 424 tuendam
617 367 894 423 Societatis
979 365 1447 421 existimationem.
1522 364 1703 418 Totius

148 468 425 523 Societatis
465 485 627 536 quam
667 467 899 521 maxime
939 466 1179 532 interest,
1205 464 1328 518 huic
1365 464 1563 518 summi
1592 481 1704 518 mo-

148 567 316 622 menti
376 568 592 634 regulae
641 565 1004 633 obtemperari
1059 581 1221 632 quam
1283 562 1700 628 accuratissime,

147 676 201 722 et
250 667 317 720 ab
368 685 429 721 ea
484 667 782 720 immunem
833 665 950 719 fieri
1000 664 1292 730 neminem,
1350 662 1453 716 nisi
1501 662 1706 729 gravis-

146 766 282 819 sima
326 765 390 819 de
441 782 621 818 causa.
670 763 721 818 Si
761 772 840 818 est
883 764 1087 830 regula,
1136 779 1298 830 quam
1343 761 1558 814 firmam
1606 760 1706 813 im-

146 864 511 932 mobilemque
561 863 781 917 retineri
826 870 1071 930 oporteat
1120 870 1172 915 et
1221 878 1326 928 qua
1381 859 1516 914 solvi
1573 860 1704 913 velle

145 962 418 1017 neminem
469 963 654 1016 deceat
691 970 742 1016 et
779 961 930 1015 cuius
967 960 1199 1028 gratiam
1240 959 1342 1012 sibi
1388 959 1506 1013 fieri
1543 976 1703 1012 nemo

144 1060 397 1128 confidat,
465 1068 543 1114 est
591 1061 833 1129 profecto
889 1060 1023 1114 haec
1089 1059 1155 1113 de
1212 1057 1514 1126 praesentia
1574 1057 1702 1112 socii

145 1167 325 1214 sancta
363 1159 736 1227 praescriptio.

212 1259 384 1323 Quare
421 1258 732 1327 Superiores
768 1258 942 1325 multi,
980 1258 1164 1312 fideles
1202 1256 1470 1323 Societati,
1511 1257 1577 1311 de
1614 1257 1702 1310 illa

144 1360 329 1426 regula
373 1360 526 1414 valde
580 1359 844 1426 laborant,
892 1366 943 1412 et
997 1375 1105 1426 quo
1151 1357 1520 1412 vehementius
1575 1357 1701 1410 mali

145 1461 433 1515 daemones
489 1460 616 1514 huic
668 1459 984 1514 obnituntur
1045 1458 1170 1525 legi,
1229 1466 1390 1525 atque
1450 1457 1564 1511 eius
1619 1458 1700 1510 vel

146 1560 466 1615 memoriam
497 1561 727 1614 deletam
762 1560 942 1626 velint,
979 1575 1040 1612 eo
1073 1557 1244 1624 magis
1274 1556 1542 1610 immobili
1570 1574 1696 1610 con-

146 1660 338 1714 stantia
389 1660 444 1713 hi
489 1659 781 1727 praesideS,
831 1659 895 1712 de
940 1659 1081 1711 fama
1136 1656 1412 1710 Societatis
1465 1656 1697 1722 solliciti,

145 1760 325 1828 cupidi
369 1759 712 1828 perfectionis
757 1758 1060 1825 religiosae,
1103 1765 1401 1811 metuentes
1441 1755 1699 1810 offensam

144 1862 357 1918 divinae
403 1860 717 1928 maiestatiS,
759 1859 972 1914 Ordinis
1011 1857 1181 1912 nostri
1219 1857 1505 1925 provident
1543 1856 1700 1910 saluti

143 1980 406 2030 curasque
443 1962 498 2016 in
530 1979 645 2016 rem
683 1960 817 2014 tanti
856 1958 1110 2028 ponderis
1149 1957 1487 2012 nobilissimo
1525 1958 1702 2011 confe-

144 2071 270 2116 runt
296 2063 506 2117 ardore.
539 2061 632 2115 His
671 2078 783 2115 sese
819 2059 1050 2126 iungunt
1088 2058 1296 2112 sodales
1330 2056 1498 2111 nostri
1536 2074 1696 2124 quam

143 2162 383 2231 plurimi,
414 2162 653 2229 integrae
679 2160 842 2215 etiam
876 2157 1202 2227 provinciae,
1235 2175 1293 2211 ac
1315 2165 1524 2211 sanctos
1550 2174 1702 2224 prae-

145 2264 322 2318 sidum
375 2270 595 2316 conatus
646 2269 697 2315 et
757 2260 1032 2327 adiuvant,
1095 2267 1147 2313 et
1195 2257 1298 2326 ipsi
1350 2257 1512 2312 etiam
1564 2257 1702 2310 salu-

144 2369 315 2416 tarem
359 2378 478 2415 eam
522 2361 696 2426 legem
740 2357 960 2413 retineri
1004 2357 1293 2425 postulant.
1343 2355 1409 2408 Hi
1452 2354 1545 2409 Dei
1590 2373 1702 2408 ma-

145 2460 226 2528 gis
292 2477 455 2529 quam
525 2458 811 2512 hominum
889 2456 1184 2511 amicitiam
1247 2462 1516 2524 expetunt,
1579 2472 1701 2520 gra-

145 2559 277 2613 tiam
333 2558 532 2612 idcirco
591 2556 732 2624 apud
788 2572 1101 2623 supremum
1151 2553 1439 2608 Dominum
1491 2552 1694 2618 ineunt,

146 2659 448 2727 praemium
476 2656 749 2712 fidelitatis
777 2657 842 2709 ab
871 2673 932 2710 eo
970 2654 1240 2722 accepturi
1278 2653 1692 2721 amplissimum.

216 2759 384 2813 Iidem
452 2757 618 2825 probe
690 2756 1008 2822 intellegunt
1072 2756 1368 2809 beneficam
1437 2754 1570 2808 adeo
1633 2754 1698 2807 de

147 2859 290 2914 socio
340 2859 582 2926 regulam
633 2874 739 2910 non
783 2856 995 2910 obstare
1039 2855 1242 2922 gloriae
1285 2854 1397 2908 Dei.

215 2960 298 3015 25.
358 2959 541 3014 Obstat
602 2957 691 3011 illa
742 2957 964 3025 quidem
1025 2956 1339 3010 muneribus
1395 2973 1454 3009 ac
1504 2954 1699 3008 labori-

147 3059 266 3125 bu5,
330 3075 468 3126 quae
539 3055 838 3111 omittenda
897 3054 1075 3123 potius
1149 3063 1272 3108 sunt
1331 3070 1494 3121 quam
1557 3069 1698 3106 exse-

148 3157 380 3226 quenda.
429 3155 611 3212 Obstat
666 3155 750 3222 iis,
797 3171 934 3222 quae
990 3153 1196 3208 maiore
1252 3170 1374 3207 cum
1430 3152 1693 3217 libertate,
