2315 3559
197 399 351 442 Patres
368 398 472 442 illud

174 453 257 497 sihi
298 453 502 497 commis-

294 523 390 552 sum

201 563 464 607 existiment.

247 2500 451 2546 Hortanti

180 2556 339 2601 Christi
391 2555 508 2599 Vica-

180 2612 249 2656 rio
281 2611 510 2664 oboedire,

544 244 611 299 ”22
762 262 1014 300 EPISTULA
1054 264 1102 301 R.
1146 263 1192 301 P.
1234 263 1451 300 ANTONII
1492 264 1548 300 M.
1590 263 1898 300 ANDERLEDY

546 425 660 462 esse
694 408 795 461 sibi
831 408 1153 475 existiment,
1185 409 1415 462 maxime
1455 425 1580 461 vero
1615 407 1947 474 SuperioreS,
1978 426 2111 475 quo-

548 525 669 561 rum
715 517 794 561 est
830 508 1012 562 omnia
1056 508 1327 562 moderari
1368 507 1682 574 prudentia3
1727 524 1865 573 quae
1904 508 2021 561 loco
2059 516 2111 561 et

547 608 799 675 tempori,
858 626 995 675 quae
1046 608 1329 661 hominum
1392 606 1592 672 animO,
1646 623 1783 672 quae
1845 606 2111 660 adiunctis

549 709 799 762 omnihus
845 708 951 761 sint
1006 708 1411 761 accommodata
1463 706 1784 773 perspicere,
1838 707 2107 770 ordinare,

549 811 835 863 decernere
850 817 901 862 et
915 826 1052 876 quae
1067 807 1311 875 apposita
1334 807 1446 860 visa
1468 807 1683 873 suerint,
1701 824 1912 860 summo
1935 807 2113 861 studio

548 926 759 975 urgere,
791 908 923 961 nihil
954 907 1246 973 remittere,
1272 906 1337 958 iis
1364 905 1563 959 instare
1592 905 1818 972 sortiter,
1849 923 2017 973 eaque
2045 907 2111 960 ad

548 1007 748 1061 exitum
777 1009 1059 1062 deducere.

617 1107 689 1161 De
717 1106 1068 1174 scriptoribus
1090 1105 1287 1158 nostris
1308 1105 1415 1159 iam
1438 1105 1565 1171 dixi,
1591 1105 1681 1158 sed
1710 1104 1905 1158 iterum
1928 1105 2115 1158 exhor-

548 1215 634 1260 tor
660 1215 773 1260 tum
804 1207 920 1273 hos,
956 1215 1066 1259 tum
1095 1205 1213 1258 illos
1242 1205 1336 1272 qui
1364 1205 1607 1259 doctrina
1635 1204 1687 1257 in
1716 1204 1989 1270 cathedra,
2020 1204 2113 1271 qui

550 1307 690 1373 apud
721 1305 1125 1359 multitudinem
1148 1303 1456 1371 eloquentia
1481 1305 1670 1357 valent.
1703 1302 1835 1356 Sunt
1862 1304 1990 1356 haec
2012 1303 2116 1356 tria

552 1405 879 1471 docentium,
929 1403 1280 1458 scribentium
1325 1411 1377 1457 et
1414 1403 1708 1457 dicentium
1747 1404 1813 1456 ad
1855 1403 2115 1470 populum

550 1504 838 1572 conspicua
876 1503 929 1557 in
968 1502 1230 1557 Societate
1267 1502 1460 1569 officia,
1508 1503 1599 1556 sed
1639 1519 1808 1569 aeque
1845 1502 2013 1555 ardua
2057 1519 2116 1554 ac

549 1604 835 1658 laboriosa.
872 1603 1138 1671 Equidem
1170 1620 1279 1670 eos,
1317 1602 1411 1670 qui
1446 1619 1506 1655 ea
1538 1618 1763 1654 munera
1795 1601 1977 1653 colunt
2010 1608 2119 1653 stu-

551 1705 719 1772 diose,
773 1704 1004 1771 assidue,
1053 1711 1377 1770 constanter,
1432 1701 1641 1768 suspexi
1693 1717 1905 1767 semper
1955 1709 2117 1767 atque

553 1805 805 1873 suspicio,
837 1805 1082 1872 mihique
1121 1804 1439 1871 persuadeO,
1470 1819 1559 1856 eos
1587 1801 1849 1855 sustinere
1876 1801 2116 1854 laborem

552 1905 861 1972 improbum
912 1905 1071 1958 unius
1126 1904 1219 1957 Dei
1269 1920 1471 1969 amore,
1531 1911 1914 1968 aeternamque
1975 1901 2117 1968 apud

552 2005 718 2058 Deum
781 2006 1085 2059 mercedem
1136 2011 1380 2071 paratam
1431 2002 1531 2055 sibi
1595 2002 1809 2055 habere.
1863 2000 2117 2054 Animum

553 2112 731 2157 tamen
782 2103 847 2156 iis
897 2105 1173 2169 adderem,
1226 2102 1329 2156 nisi
1380 2102 1711 2169 exploratum
1763 2100 1898 2153 mihi
1960 2107 2115 2165 esset,

553 2211 832 2270 perspecta
865 2202 1073 2257 Summi
1110 2201 1384 2256 Pontificis
1418 2208 1615 2266 mente,
1652 2200 1797 2252 nulla
1835 2216 1968 2266 opus
2006 2215 2119 2252 esse

555 2303 884 2357 incitatione.

627 2403 966 2464 Praeclarum
989 2403 1155 2470 igitur
1176 2419 1310 2470 opus
1333 2401 1445 2455 sine
1467 2416 1637 2465 mora,
1669 2415 1832 2465 quam
1861 2397 2118 2464 primum,

559 2503 788 2569 sortiter,
818 2511 1124 2558 constanter
1145 2511 1306 2570 atque
1328 2503 1393 2556 ab
1421 2500 1671 2554 omnibus
1693 2497 2121 2565 aggrediendum

557 2611 652 2656 est.
685 2603 813 2656 Mihi
841 2603 1062 2670 quidem
1091 2621 1151 2657 ex
1171 2609 1421 2670 prompta
1449 2609 1500 2654 et
1526 2598 1687 2653 alacri
1710 2599 1808 2651 hac
1836 2596 2124 2650 oboedien-

558 2702 650 2769 tia,
681 2720 787 2769 qua
815 2702 1153 2757 devincimur
1186 2700 1382 2756 Christi
1418 2699 1648 2765 VicariO,
1680 2713 1995 2765 persuasum
2023 2702 2119 2760 est,

559 2802 787 2856 salutem
815 2809 1028 2855 nostrae
1055 2800 1306 2855 Societati
1328 2816 1441 2854 esse
1464 2799 1837 2852 obventuram.
1855 2796 1912 2848 ln
1934 2792 2124 2861 primis

559 2901 702 2955 enim
731 2901 795 2955 ad
825 2917 887 2954 ea
914 2917 1010 2953 nos
1038 2899 1268 2953 Litterae
1303 2897 1615 2952 Pontificiae
1652 2897 1955 2959 hortantur,
1986 2908 2124 2959 quae

559 3008 684 3054 sunt
715 2999 924 3067 leg-ibus
958 2999 1155 3052 nostris
1187 3015 1351 3066 quam
1382 2997 1614 3051 maxime
1647 3010 1899 3048 consona.
1931 2990 2126 3045 Statuit

559 3101 701 3154 enim
722 3099 772 3154 S.
799 3100 994 3153 Parens
1012 3105 1193 3151 noster
1211 3114 1392 3150 rerum
1413 3096 1743 3163 agendarum
1764 3090 2121 3160 principium:

556 3201 772 3255 Bonum
821 3216 920 3267 quo
963 3196 1351 3262 universatim,
1393 3213 1447 3249 eo
1485 3193 1734 3247 divinius
1775 3196 1867 3244 est.
1919 3187 2121 3255 (Const.
