2315 3559
464 226 512 264 P..
557 226 602 263 P.
644 226 695 263 N.
737 225 953 263 ANTONII
993 225 1049 264 M.
1092 226 1399 265 ANDERLEDY
1613 213 1712 268 405

155 369 219 413 14.
263 368 436 414 Modum
467 369 621 414 orandi
651 375 807 414 tenens
837 369 879 413 S.
912 369 1083 423 Ignatii,
1125 383 1279 415 omnes
1309 370 1494 416 virtutes
1525 371 1710 427 adeptus

262 460 342 499 est.

154 539 549 584 15-16.Imitatores
570 539 611 583 S.
631 539 843 594 Alphonsi
866 539 1045 594 quinam
1067 540 1168 585 sint.

153 625 289 670 17-18.
302 626 410 671 Sunt
426 626 507 670 riri
529 625 612 669 rite
632 624 822 677 formati,
849 625 923 679 qui
939 625 1065 670 valde
1086 625 1238 670 iuvant
1257 625 1535 670 Societatem.

152 710 217 755 19.
260 710 311 754 Hi
360 711 551 755 vicissim
610 709 787 754 iuvandi
835 709 1123 764 benignitatis
1180 710 1515 765 significatione,
1567 710 1710 756 officia

259 810 413 841 eorum
428 795 577 849 magni
598 794 816 839 faciendo.

147 881 214 927 20.
258 881 375 926 Haec
403 893 564 935 magno
594 880 639 924 in
669 880 814 935 pretio
847 887 949 926 sunt
978 881 1093 936 apud
1125 880 1262 926 Deum
1286 895 1296 935 ;
1340 880 1459 936 quod
1489 886 1709 926 testantur

257 967 344 1011 divi
360 966 552 1011 favores.

145 1052 212 1096 21.
256 1052 443 1096 Humilia
457 1066 644 1096 munera
665 1051 747 1096 sibi
765 1052 1010 1106 gratulatur
1029 1052 1070 1097 S.
1095 1052 1363 1108 Alphonsus.

144 1138 211 1182 22.
253 1138 317 1182 Ad
333 1138 511 1182 humilia
532 1151 612 1182 nos
634 1137 821 1182 invitant
841 1137 1185 1183 Constitutiones
1207 1144 1402 1183 nostrae.

143 1221 209 1266 23.
252 1221 481 1277 Frequens
512 1221 581 1267 SS.
618 1222 774 1276 Ignatii
813 1228 857 1267 et
904 1221 1059 1266 Franc.
1095 1222 1268 1267 Xaverii
1298 1222 1353 1267 de
1383 1221 1516 1267 animi
1547 1222 1704 1267 demis-

253 1308 378 1353 sione
394 1308 633 1352 admonitio
650 1323 659 1361 ;

143 1394 210 1438 24.
254 1395 375 1439 Hanc
396 1395 604 1439 virtutem
625 1394 814 1450 requirit
834 1400 954 1439 aetas
971 1400 1138 1439 nostra.

141 1479 209 1523 25.
252 1479 356 1524 Eam
378 1480 689 1524 commendant
708 1479 778 1524 SS.
802 1479 1013 1534 Alphonsi
1031 1486 1074 1524 et
1090 1479 1265 1524 Ioannis
1287 1479 1500 1534 exempla.

142 1615 192 1659 ΙΙ.
227 1616 266 1659 1.
299 1615 339 1659 S.
374 1616 562 1660 Ioannes
596 1615 728 1660 vitam
763 1616 852 1670 agit
885 1615 1120 1661 caelestem
1158 1616 1205 1660 in
1243 1615 1435 1670 Collegio
1475 1616 1704 1661 Societatis

251 1700 443 1755 Belgico‚
466 1702 511 1746 in
531 1701 752 1757 tirocinio,
768 1708 812 1747 et
831 1701 995 1746 Romae
1015 1702 1133 1746 inter
1153 1701 1439 1747 scholasticos
1460 1702 1703 1748 sanctitatis

249 1787 422 1832 laudem
446 1787 651 1832 conciliat

167 1858 253 1918 2-7'.
293 1873 390 1920 Sibi
418 1874 520 1929 ipsi,
540 1875 628 1919 vita
649 1875 876 1929 interiore,
901 1875 1148 1920 solitudinis
1171 1888 1336 1929 amore,
1370 1875 1423 1920 ad
1454 1876 1702 1932 exemplum

249 1967 502 2005 sanctorum
520 1967 563 2005 et
582 1961 721 2017 ipsius
742 1961 899 2007 Christi
915 1962 1105 2007 Domini.

165 2046 277 2092 8-10.
313 2046 428 2091 Haec
447 2048 644 2103 exempla
662 2054 839 2093 secutus
855 2048 896 2093 S.
916 2049 1127 2104 Ignatius,
1149 2048 1431 2094 solitudinem
1451 2048 1704 2104 praefinivit

248 2132 535 2187 scholasticis,
552 2140 842 2189 temperatam
865 2134 1038 2179 solaciis
1056 2134 1309 2179 domesticis
1331 2140 1375 2179 et
1389 2134 1624 2189 religiosis.

142 2218 277 2262 11-12.
309 2218 370 2263 Ex
390 2219 473 2263 fide
494 2219 601 2264 vivit
620 2219 660 2264 S.
681 2220 884 2273 Ioannes,
908 2220 1184 2274 perfectione
1206 2220 1423 2265 eminens.

140 2303 276 2348 13-14.
306 2305 529 2350 Societati
547 2305 721 2350 laudem
752 2306 970 2358 conciliat,
993 2305 1107 2350 mori
1134 2305 1282 2360 potius
1313 2319 1444 2360 quam
1474 2305 1698 2350 minimam

246 2390 445 2445 regulam
465 2391 712 2446 praeterire
727 2397 923 2447 paratus,

137 2476 275 2522 15-16.
289 2476 468 2531 Regulis
485 2477 656 2531 orandi,
679 2478 844 2532 regulis
866 2477 996 2522 officii
1013 2477 1305 2533 obtemperat.

137 2563 203 2607 17.
245 2561 384 2607 Vitam
406 2576 685 2607 communem
708 2562 933 2617 sequutum

136 2648 202 2693 18.
244 2648 404 2693 Censet
424 2662 523 2694 esse
543 2654 715 2704 pestem
735 2649 1054 2694 immunitatem
1075 2649 1238 2704 legum.

137 2734 201 2778 19.
243 2734 461 2779 Sensuum
476 2734 697 2779 licentiam
712 2734 870 2779 frenat.

134 2819 201 2865 ⁶20.
245 2819 340 2864 Non
389 2819 516 2864 facile
560 2819 672 2874 petit
707 2820 958 2865 facultatem
998 2820 1268 2875 generalem.
1302 2822 1491 2866 Ioannes
1539 2827 1693 2866 nostro

245 2905 446 2949 Instituto
479 2905 769 2958 sanctitatem,
796 2906 1045 2951 Institutum
1076 2906 1229 2952 Ioanni
1256 2907 1429 2952 laudem
1451 2907 1694 2952 sanctitatis

245 2990 390 3035 debet.

135 3076 203 3120 21.
244 3075 571 3131 Superioribus
589 3089 766 3131 quoque
787 3076 960 3122 laudem
979 3077 1183 3122 conciliat
1198 3078 1401 3123 Ioannes.

135 3161 202 3205 22.
246 3161 327 3214 Qui
348 3167 578 3216 praesunt,
596 3161 741 3216 legum
759 3162 921 3208 similes
943 3163 1030 3208 sint
1045 3168 1235 3218 oportet.
