2315 3559
240 225 307 262 DE
328 225 633 263 REPETENDA
650 226 722 263 SS·
741 226 912 278 PETRI,
931 225 1110 265 IOANN.
1130 226 1191 263 ET
1207 226 1360 264 ALPH.
1381 226 1619 264 MEMORIA
1657 211 1754 265 157

272 368 519 422 Gratulor
571 377 750 423 autem
805 370 1072 436 Societati,
1127 385 1238 423 esse
1278 369 1331 422 in
1376 386 1436 422 ea
1474 372 1756 437 quamplu-

204 466 370 520 rimos
431 467 746 535 disciplinae
801 485 907 521 non
953 469 1127 521 solum
1178 467 1439 534 patientes
1497 467 1585 520 sed
1649 476 1756 520 stu-

202 565 400 633 diosos,
470 568 887 634 regularumque
942 567 1156 621 sedulos
1208 567 1473 620 custodes.
1535 566 1600 617 lli
1652 565 1757 618 sin-

201 664 408 730 gularia
474 682 580 718 non
648 673 926 733 appetunt,
997 666 1219 719 horrent
1286 683 1422 732 quae
1491 665 1753 717 mundum

200 766 460 833 redolent,
513 767 698 821 sedulo
744 767 914 821 vitant
976 767 1193 821 inutiles
1249 767 1534 820 hominum
1588 775 1755 820 exter-

199 880 394 917 norum
450 864 626 918 aditus
681 865 795 919 sine
854 874 987 920 teste
1032 874 1082 920 et
1134 865 1349 919 inutiles
1410 882 1747 931 congressus,

199 979 288 1016 eos
333 964 667 1031 praesertim,
721 965 917 1032 quibus
968 982 1062 1033 per
1112 965 1324 1019 decreta
1374 964 1745 1032 prohibemur,

198 1060 421 1115 horrent
464 1079 600 1130 0036
668 1063 966 1117 necessaria
1021 1080 1127 1117 non
1184 1071 1308 1117 sunt
1367 1062 1578 1129 itinera,
1642 1080 1749 1116 ser-

198 1176 382 1214 mones
418 1162 593 1215 fruetu
639 1179 850 1229 vacuos,
884 1162 1166 1216 familiaria
1212 1180 1306 1230 per
1344 1162 1546 1216 litteras
1591 1163 1750 1215 collo-

196 1258 342 1325 quia,
391 1259 562 1314 visere
608 1269 873 1328 parenteS,
922 1261 1125 1314 morari
1164 1269 1309 1315 extra
1354 1261 1543 1314 domos
1582 1259 1750 1314 animi

195 1373 372 1410 eausa.

265 1456 330 1509 Hi
368 1465 427 1510 ut
463 1465 667 1526 pestem
706 1459 936 1512 oderunt
974 1475 1090 1512 eam
1129 1458 1451 1525 libertatem,
1493 1475 1599 1525 qua
1637 1459 1752 1524 lege

195 1555 354 1609 soluti
404 1573 501 1624 pro
545 1556 769 1610 arbitrio
814 1557 994 1611 vivere
1044 1556 1268 1625 possint.

263 1653 511 1708 Incidunt
543 1662 723 1709 tamen
751 1672 958 1722 causae,
989 1655 1057 1709 ob
1084 1672 1216 1722 quas
1251 1655 1550 1708 immunem
1579 1654 1695 1708 fieri
1724 1674 1752 1708 3

193 1754 378 1819 regula
464 1753 699 1821 aliquem
784 1762 1044 1822 oporteat.
1133 1753 1283 1817 Quod
1358 1753 1552 1820 evenit,
1629 1771 1750 1806 eum

192 1850 426 1905 rationes
471 1860 593 1905 sunt
636 1852 825 1916 iustae,
892 1853 1024 1907 adeo
1070 1861 1128 1906 ut
1176 1870 1282 1906 non
1333 1852 1603 1907 adimatur
1647 1851 1751 1918 legi

192 1951 509 2018 reverentia,
540 1951 631 2005 sed
660 1951 837 2019 potius
875 1951 1061 2006 odium
1098 1952 1364 2019 depellere
1392 1969 1420 2004 a
1448 1952 1582 2017 lege,
1613 1968 1750 2018 quae

192 2065 342 2102 secus
387 2049 574 2103 durior
617 2058 772 2116 esset,
826 2066 991 2117 quam
1036 2050 1210 2115 legem
1256 2048 1428 2117 ipsam
1473 2048 1749 2102 infirmare

191 2147 489 2202 videamur.

258 2247 391 2301 Mala
419 2247 580 2302 etiam
607 2247 824 2302 tolerari
851 2264 1262 2315 nonnumquam
1290 2263 1504 2301 neeesse
1532 2255 1627 2314 est,
1652 2264 1747 2301 nec

189 2344 227 2398 ii
271 2345 365 2413 qui
403 2354 658 2414 praesunt
704 2345 886 2400 ulcisci
933 2345 1116 2400 omnia
1155 2352 1376 2413 queunt,
1425 2362 1562 2412 0036
1606 2344 1749 2399 ordi-

188 2461 312 2498 nem
333 2445 567 2499 turbant.
594 2444 705 2508 Qua
731 2445 786 2499 in
808 2462 864 2499 re
886 2445 1175 2513 sapienter,
1206 2452 1265 2498 ut
1286 2445 1438 2511 solet,
1465 2444 1568 2498 Leo
1590 2445 1704 2497 Xlll
1733 2463 1742 2497 :

190 2542 399 2608 Quanto
422 2545 563 2611 plue,
594 2544 685 2611 ait,
717 2544 777 2598 in
797 2545 1015 2599 civitate
1040 2544 1180 2597 mali
1204 2544 1426 2597 tolerari
1444 2561 1747 2610 pernecesse

188 2648 280 2707 est,
312 2648 456 2696 tanto
481 2643 659 2710 magis
683 2643 886 2697 distare
908 2643 966 2696 id
991 2660 1158 2710 gemes
1179 2643 1417 2695 civitatis
1437 2643 1501 2695 ab
1523 2643 1738 2709 optimo.

188 2740 443 2794 Nostrum
505 2748 684 2794 autem
735 2748 814 2794 est
874 2741 1046 2795 faeere
1107 2749 1166 2794 ut
1225 2757 1389 2808 quam
1451 2740 1738 2794 minimum

189 2839 315 2893 mali
343 2840 411 2894 sit
437 2841 794 2894 tolerandum.
821 2839 956 2903 Quid
985 2840 1128 2894 enim
1151 2840 1217 2894 ad
1247 2841 1472 2894 salutem
1501 2848 1735 2894 nostram

188 2937 410 2993 interest
435 2938 626 3006 magiS,
657 2955 820 3006 quam
859 2939 1282 3008 obtemperando
1320 2940 1518 3006 regulis
1552 2957 1740 3007 parere

187 3037 279 3091 Dei
341 3038 619 3105 voluntati,
684 3039 924 3106 exemplo
985 3056 1099 3093 esse
1159 3040 1449 3106 sodalibus,
1515 3056 1739 3105 angores

186 3137 374 3204 levare·
399 3137 759 3206 superiorum,
790 3137 985 3205 quibus
1013 3146 1092 3192 est
1121 3155 1280 3193 curae
1307 3138 1556 3205 religiosa
1583 3138 1740 3191 disei-

1860 963 2004 1003 Congr.
2021 964 2073 995 20.

1845 1003 1950 1035 decr.
1970 1006 2018 1035 12.
2036 1007 2073 1036 et

1855 1045 1999 1084 Congr.
2023 1047 2064 1076 23

1874 1084 1979 1118 decr.
1992 1087 2044 1119 40.

1865 2647 2039 2679 Litterae

1870 2688 2033 2728 Encycl.

1820 2727 1868 2759 de
1884 2728 1954 2760 lib.
1970 2729 2082 2761 hum.

1824 2769 1941 2801 Edito
1956 2771 2072 2802 Rom.

1896 2819 1934 2851 p.
1949 2811 2002 2843 34.
