2315 3559
271 194 338 232 DE
363 193 619 231 VANITATE
646 192 824 231 RERUM
854 192 1186 230 HUMANARUM
1214 191 1600 232 coNTEMNENDA
1637 178 1736 233 0247

186 338 240 392 in
267 355 327 392 ea
350 355 404 392 re
432 337 741 404 elaboravit,
768 338 1172 404 multorumque
1203 337 1554 403 collegiorum
1582 338 1735 392 initia

185 437 380 506 posuit.
431 438 487 490 In
548 436 790 504 pluribus
854 436 1042 489 mundi
1104 436 1345 504 partibus
1408 455 1601 504 pueros
1669 440 1734 492 ad

184 535 347 590 fidem
375 552 659 603 moresque
687 534 965 589 erudiebat
1003 542 1055 588 et
1091 535 1269 589 erudit
1295 534 1526 589 Societas
1562 537 1735 591 fructu

182 633 489 688 animorum
534 633 756 700 ingenti.

250 732 403 786 Luxit
445 731 738 786 catholicus
777 731 921 785 orbis
948 731 1226 786 Societatis
1264 732 1471 786 cladem
1516 741 1735 802 propter

180 831 517 899 desperatam
573 830 865 884 iuventutis
915 830 1306 897 condicionem,
1366 832 1734 900 damnumque

178 930 256 984 rei
323 929 647 984 christianae
713 930 922 983 illatum
989 929 1235 984 resarciri
1305 932 1566 985 unanimi
1627 933 1735 998 fere

178 1047 431 1084 consensu
486 1029 793 1097 postulavit.
859 1029 946 1082 Ad
988 1047 1284 1097 puerorum
1336 1030 1732 1085 institutionem

179 1130 240 1183 in
289 1129 440 1182 bonis
486 1129 728 1182 moribus
787 1135 836 1182 et
883 1129 1196 1196 disciplinis
1250 1146 1497 1184 concessa
1556 1130 1655 1184 fuit
1703 1150 1731 1185 a

176 1227 397 1281 Summo
437 1226 693 1280 Pontifice
732 1226 965 1281 Societas
1006 1226 1167 1281 Paulo
1196 1228 1214 1280 I
1244 1228 1581 1296 Imperatori,
1612 1247 1730 1284 eam

176 1325 404 1392 gratiam
456 1325 674 1394 petenti.
729 1325 957 1381 Reddita
1007 1334 1086 1381 est
1139 1326 1355 1395 utrique
1405 1327 1613 1382 Siciliae
1664 1330 1729 1383 ad

169 1442 467 1492 puerorum
514 1425 910 1479 institutionem
957 1426 1017 1479 in
1059 1426 1319 1480 catholica
1362 1427 1624 1495 religione
1672 1447 1732 1482 ac

175 1525 326 1578 bonis
362 1524 605 1578 moribus
646 1530 696 1578 et
730 1524 1060 1591 disciplinis.
1092 1524 1291 1579 Eadem
1330 1525 1384 1579 in
1429 1526 1619 1594 primis
1664 1528 1730 1582 de

172 1641 331 1677 causa
368 1622 570 1691 ubique
614 1622 859 1677 restituta
903 1631 998 1677 est.

242 1722 475 1776 Societas
537 1739 683 1788 vero,
753 1721 1030 1790 proposito
1093 1723 1285 1790 fidelis,
1350 1723 1459 1777 acri
1526 1725 1724 1791 studiO,

172 1822 338 1876 nobili
389 1822 581 1876 ardore
631 1822 1011 1876 demandatam
1071 1822 1172 1876 sibi
1223 1841 1252 1876 a
1303 1841 1555 1891 supremo
1608 1825 1729 1878 Pas-

170 1928 286 1975 tore
340 1920 674 1988 provinciam
738 1920 987 1988 suscepit,
1046 1902 1153 1975 nec*
1205 1921 1414 1975 minore
1475 1922 1729 1977 sustinuit

173 2022 490 2076 constantia.

239 2121 373 2175 Hinc
401 2121 511 2175 irae
541 2121 964 2187 malevolorum;
1007 2120 1132 2175 hinc
1172 2137 1379 2188 eorum,
1421 2138 1557 2189 quos
1598 2122 1727 2176 libe-

170 2222 311 2275 rales
351 2228 559 2287 vocant,
601 2219 805 2274 invidia
854 2219 1150 2288 odiumque
1199 2219 1554 2288 implacabile.
1581 2221 1619 2273 F
1623 2220 1728 2274 aci-

166 2318 269 2372 lius
320 2319 595 2386 patiuntur
632 2317 735 2372 alia
779 2336 808 2372 a
852 2317 1006 2372 nobis
1044 2317 1183 2372 obiri
1222 2317 1539 2386 ministeria,
1571 2319 1727 2373 dum-

169 2418 332 2471 modo
393 2434 459 2470 ne
520 2416 746 2471 influere
812 2416 966 2471 nobis
1034 2416 1089 2471 in
1156 2433 1448 2486 puerorum
1515 2417 1724 2472 animos

168 2517 341 2571 liceat.
396 2517 604 2570 Norunt
653 2515 730 2569 illi
780 2517 1038 2584 profecto,
1096 2524 1296 2585 quanta
1345 2516 1413 2571 sit
1466 2517 1546 2571 vis
1596 2519 1725 2572 edu-

166 2615 390 2670 cationis
446 2623 498 2669 et
546 2614 878 2683 disciplinae,
932 2623 1042 2670 tam
1097 2615 1151 2670 in
1201 2616 1403 2671 honum
1454 2635 1617 2685 quam
1668 2617 1723 2671 in

168 2716 399 2781 malum;
430 2721 628 2769 norunt
665 2714 719 2767 in
758 2732 1049 2782 puerorum
1084 2715 1421 2771 institutione
1446 2717 1720 2772 cardinem

167 2813 302 2868 verti
340 2812 684 2882 reipublicae.

234 2912 335 2967 Sed
375 2930 482 2981 quo
527 2911 772 2980 cupidius
813 2912 899 2966 isti
943 2913 1045 2967 sibi
1090 2921 1310 2968 sumunt
1366 2922 1417 2969 et
1466 2924 1722 2982 arrogant

165 3009 215 3064 S.
247 3009 509 3064 Ecclesiae
546 3010 663 3063 iura
700 3009 946 3077 docendi,
977 3028 1038 3065 eo
1072 3011 1247 3066 acrius
1284 3012 1716 3066 contendendum

166 3117 245 3164 est
277 3109 450 3176 nobiS,
480 3117 557 3176 ut,
587 3109 764 3176 quoad
792 3108 846 3163 in
872 3117 1054 3164 nostra
1097 3118 1176 3165 est
1218 3118 1496 3179 potestate,
1527 3129 1719 3166 eorun—

1873 1000 2005 1031 Const.

1820 1040 2061 1073 Sollicitudo

1777 1081 1838 1112 Pii
1861 1083 1946 1114 VII.
1963 1092 1987 1113 a
2012 1084 2105 1115 isli.

1879 1137 2012 1168 Consu

1830 1177 2047 1210 Catholicae

1776 1218 1837 1248 Pii
1850 1219 1936 1250 VII.
1954 1227 1989 1251 a.
2009 1220 2100 1251 1501.

1869 1514 2001 1545 Const.

1829 1555 1904 1586 Per
1932 1556 2038 1588 alias

1773 1595 1835 1626 Pii
1848 1597 1932 1628 VII.
1958 1606 1993 1628 a.
2010 1598 2100 1629 1304.
