2315 3559
226 1300 313 1333 Gal.
330 1304 362 1339 2,
379 1301 432 1333 20.

184 2101 362 2141 Philipp.
375 2102 407 2132 2.
424 2102 455 2131 ὃ.

237 2199 301 2229 Ps.
317 2198 369 2236 231,
384 2202 414 2234 7.

181 2307 284 2352 Eam
309 2310 459 2357 didicit

153 2377 205 2407 ex
222 2365 263 2407 S.
286 2366 455 2419 ignatio
472 2383 481 2419 ς

221 2503 258 2534 C.
282 2505 307 2535 1.
326 2506 431 2537 n.14.

217 3013 319 3045 Phil.
336 3015 368 3052 3,
384 3019 415 3046 ὅ.

184 3109 254 3141 Ex.
269 3119 362 3149 gen.
380 3120 412 3143 c.
437 3113 461 3143 1.

541 224 641 278 124·
713 242 958 280 Eris'rom
1001 243 1049 280 n.
1095 244 1139 280 ι».
1183 245 1235 281 Ν.
1278 243 1397 281 ANT.
1448 243 1572 281 ma.
1626 244 1934 282 ANDERLEDY

539 385 906 454 excelsiorem,
949 388 1192 442 animum
1235 387 1437 442 scilicet
1477 388 1646 455 illum,
1689 407 1851 456 quem
1892 389 2112 444 eliciunt

540 492 592 538 et
616 487 940 541 exsuscitant
965 486 1245 542 Societatis
1274 496 1490 541 nostrae
1517 487 1959 542 ConstitutionOS.

611 584 868 652 Idemque
940 585 1154 639 animus
1228 586 1554 640 documento
1622 594 1701 639 est
1774 586 2106 653 hominihus,

539 700 731 737 norma
790 684 1006 738 vivendi
1056 692 1239 738 nostra
1289 692 1342 739 et
1390 688 1607 752 regulae
1662 685 1795 753 quid
1847 685 2054 754 possint
2095 704 2105 740 :

538 784 774 850 regulae,
824 783 1066 851 inquam,
1122 792 1356 851 nostrae,
1413 803 1551 852 quae
1602 785 1889 839 levissimis
1944 784 2109 839 etiam

536 883 719 936 naevis
766 883 1044 937 hominem
1083 883 1342 951 eximunt,
1391 884 1681 939 virtutihus
1710 893 1904 939 ornant
1947 893 2110 954 atque

537 982 609 1037 ita
659 984 724 1038 ad
777 984 946 1037 Deum
998 985 1347 1051 transferunt,
1412 993 1472 1038 ut
1532 986 1582 1039 S.
1636 986 1961 1054 Alphonsus,
2015 985 2109 1052 qui

536 1082 728 1138 iisdem
768 1084 1055 1138 obsecutus
1094 1092 1175 1139 est
1218 1085 1628 1153 perfectissime,
1674 1104 1796 1140 vere
1839 1087 2110 1140 affirmare

535 1184 771 1251 potuerit
801 1202 811 1237 :
853 1185 979 1239 Vivo
1005 1192 1206 1250 carolem,
1252 1186 1366 1239 iam
1405 1205 1508 1241 non
1549 1205 1640 1255 390
1669 1206 1686 1240 .·
1729 1187 1866 1240 vivit
1903 1204 2022 1241 vero
2050 1187 2110 1240 iu

532 1302 617 1338 me
647 1284 921 1339 Christus.

602 1384 738 1438 Dum
778 1384 1027 1439 homines
1072 1384 1377 1453 capiuntur,
1426 1385 1516 1438 alii
1556 1385 1750 1454 opibus
1790 1394 1843 1440 et
1880 1386 2104 1453 deliciiS,

532 1482 623 1536 alii
646 1483 970 1549 honoribus3
997 1485 1128 1538 dum
1146 1485 1278 1538 haec
1301 1484 1355 1538 in
1376 1484 1700 1553 amplissimi
1722 1484 1971 1539 beneficii
1992 1486 2108 1539 loco

531 1591 759 1650 ponunt,
813 1591 976 1651 atque
1026 1583 1207 1638 omnia
1260 1602 1474 1638 summa
1524 1592 1838 1638 consecutos
1889 1602 1944 1638 se
1994 1602 2109 1638 esse

530 1676 741 1750 putant,
784 1682 827 1736 si
856 1684 922 1737 ad
961 1682 1167 1750 gloriae
1194 1684 1540 1752 pervenerint
1578 1683 1877 1752 fastigium,
1916 1683 2108 1738 altiora

530 1783 799 1849 quaedam
840 1782 1046 1851 appetit
1089 1783 1415 1851 Alphonsus,
1465 1784 1704 1837 humana
1744 1783 1926 1837 omnia
1960 1785 2107 1837 nullo

530 1884 647 1937 loco
698 1902 1008 1951 numerans,
1063 1901 1338 1952 unamque
1395 1884 1497 1938 sihi
1549 1884 1780 1951 gloriam
1831 1885 2107 1951 gratulans

536 1982 651 2036 Filii
692 1984 804 2051 Dei,
835 1984 929 2053 qui
981 1984 1291 2038 humiliavit
1330 1992 1501 2038 semet
1539 1984 1717 2052 ipsum
1757 1985 1930 2052 factus
1965 1985 2109 2038 oboe-

530 2083 702 2149 dienS,
770 2085 940 2138 factus
1003 2085 1351 2152 opprobrium
1426 2084 1708 2138 hominum
1774 2091 1823 2138 et
1883 2084 2108 2138 abiectio

525 2183 718 2250 plebis.

599 2284 647 2337 8.
720 2284 858 2337 llaec
907 2301 1031 2337 eum
1084 2282 1268 2337 docuit
1319 2300 1547 2350 magnus
1597 2300 1791 2350 parens
1844 2281 2102 2349 lgnatiuS,

530 2382 622 2450 qui
674 2383 1048 2451 praecellentis
1098 2382 1180 2436 sni
1231 2381 1398 2436 animi
1449 2381 1683 2449 speciem
1734 2381 2008 2449 quandam
2053 2389 2107 2436 et

531 2482 826 2549 imaginem
887 2483 939 2537 in
982 2483 1160 2552 primo
1213 2501 1270 2536 ae
1330 2481 1568 2549 generali
1620 2481 1875 2535 Examine
1932 2481 2108 2549 expri-

530 2600 700 2649 mens,
739 2601 834 2637 nos
875 2584 1150 2649 admonet,
1206 2590 1264 2636 ut
1309 2582 1699 2635 abhorreamus
1744 2582 1808 2635 ah
1853 2582 2104 2636 ommibus

529 2702 663 2751 quae
706 2686 946 2737 mundus
989 2690 1140 2737 (mcccc
1183 2690 1232 2737 et
1274 2683 1639 2749 amplectitur.

597 2785 916 2838 Sanctorum
978 2783 1122 2838 enim
1189 2783 1428 2836 virorum
1492 2781 1712 2851 propria
1773 2790 1853 2835 ost
1921 2799 2101 2834 rerum

529 2885 890 2938 humanarum
930 2886 1035 2938 alta
1063 2883 1353 2952 despectio.
1386 2882 1577 2937 Omnia
1603 2883 1842 2937 arbitror
1879 2888 1939 2934 uc
1974 2887 2104 2935 ster-

527 3005 666 3051 cora,
720 2987 981 3040 exclamat
1029 2985 1274 3050 gentium
1320 2985 1604 3051 Apostolus
1648 3001 1658 3035 :
1706 2982 1863 3036 stulti
1912 2982 2103 3034 lutheri

527 3092 575 3139 et
634 3085 950 3139 existimari
987 3102 1084 3153 pro
1139 3083 1399 3150 Christro,
1459 3092 1656 3137 tessera
1716 3090 1796 3135 est
1844 3081 1894 3135 S.
1950 3081 2103 3147 lgna-

530 3185 607 3239 tii.
654 3185 798 3239 ldem
837 3184 1050 3251 utrique
1087 3184 1426 3252 propositum
1462 3191 1565 3249 est3
1605 3181 1699 3249 illi,
1736 3189 1795 3235 ut
1828 3180 2100 3235 Christum
