2315 3559
586 218 688 283 434
1320 248 1417 288 Exr

642 394 790 448 Qualis
827 394 987 440 debeat
1017 409 1115 440 esse
1147 402 1328 440 externa
1359 402 1615 441 nostrorum
1646 396 1926 442 conversatio
1956 396 2029 450 (ΙΙ,
2059 396 2154 448 246,

584 481 686 535 247)
711 496 720 525 :
743 481 835 527 vid.
859 483 1089 528 Externus
1109 484 1259 528 homo.

644 567 922 623 Detexternis
944 582 1027 623 per
1047 568 1265 612 Exercitia
1286 568 1529 623 spiritualia
1558 569 1811 613 excolendis
1832 568 1882 622 (l,
1902 568 2000 623 277)
2023 583 2033 622 ;
2058 568 2150 613 vid.

584 658 815 704 Exercitia
829 658 1102 715 spiritualia.
1113 657 1269 702 Cetera
1282 657 1370 702 vid.
1380 659 1574 715 Negotia
1586 659 1856 713 saecularia,
1864 659 2150 715 temporalia.

639 785 934 830 EXTERNUS
955 784 1111 830 HOMO
1133 784 1363 830 Societatis
1384 785 1644 831 formandus
1665 793 1733 831 est
1755 799 1767 830 :

640 874 683 916 10
712 875 874 917 Amore
905 872 1181 927 paupertatis
1212 872 1264 927 (Ι,
1287 873 1400 927 447),
1426 887 1540 928 quae
1570 874 1700 919 nobis
1731 873 1882 918 decori
1902 887 2002 918 esse
2023 872 2156 918 debet

584 965 628 1004 et
649 959 778 1003 facile
810 959 1020 1014 congruit
1048 959 1269 1004 honestati
1300 959 1372 1013 (ΙΙ,
1397 960 1464 1014 72,
1489 960 1574 1015 73),
1597 967 1646 1005 ut
1676 960 1925 1005 ostenditur
1954 959 2154 1014 exemplo

584 1048 629 1093 P.
656 1049 860 1094 Andreae
883 1048 1038 1094 Oviedi
1060 1049 1133 1103 (ΙΙ,
1157 1049 1222 1100 76,
1244 1050 1314 1103 77)
1339 1064 1348 1093 :
1371 1049 1463 1094 vid.
1488 1051 1755 1107 Paupertas.

636 1135 680 1179 2ο
712 1135 934 1190 Religiosa
968 1135 1186 1180 modestia
1220 1136 1268 1189 (Ι,
1303 1135 1399 1189 361,
1438 1135 1533 1180 362.
1573 1135 1626 1190 ΙΙ,
1662 1135 1761 1190 241)
1797 1141 1841 1180 et
1874 1134 2152 1190 simplicitate

581 1221 635 1276 (I,
659 1222 731 1276 59)
762 1223 806 1267 in
839 1223 966 1268 dictis
997 1222 1215 1277 factisque
1248 1222 1454 1267 omnihus
1485 1222 1536 1276 (l,
1571 1222 1656 1277 72),
1688 1222 1785 1278 ipso
1818 1222 1948 1267 etiam
1979 1221 2152 1266 silentio

583 1323 683 1354 cum
723 1311 767 1355 id
808 1310 1138 1355 observandum
1189 1316 1257 1354 est
1295 1309 1368 1363 (ΙΙ,
1411 1309 1623 1363 185-187),
1662 1310 1722 1354 ita
1762 1314 1809 1354 ut
1845 1309 1890 1353 in
1929 1308 2152 1353 locutione

582 1397 827 1451 modestus,
859 1397 1075 1442 honestus
1105 1397 1150 1440 in
1181 1396 1537 1453 conversatione,
1567 1396 1771 1440 assiduus
1803 1396 1859 1440 sit
1887 1395 1932 1439 in
1954 1393 2154 1439 aedifica-

581 1483 703 1528 tione
733 1483 924 1538 proximi
955 1483 1007 1537 (Ι,
1031 1482 1098 1527 72.
1124 1483 1196 1536 ΙΙΙ,
1217 1482 1330 1538 159),
1355 1483 1409 1527 ad
1439 1482 1688 1537 exemplum
1718 1481 1760 1526 S.
1785 1481 1962 1526 loannis
1993 1479 2153 1525 Bereh-

580 1583 707 1613 mans
729 1568 821 1623 (Ill,
848 1569 940 1612 144.
966 1568 1033 1620 lv,
1056 1569 1167 1623 167).

638 1655 755 1700 Haec
779 1669 960 1710 quoque
981 1655 1127 1700 media
1148 1669 1173 1699 a
1194 1655 1357 1700 sanctis
1379 1655 1487 1700 viris
1518 1661 1847 1711 proponuntur,
1869 1652 2030 1709 quibus
2050 1665 2153 1708 pro-

581 1742 709 1786 ximis
741 1741 907 1786 nostris
941 1742 1195 1786 adiumento
1227 1756 1326 1786 esse
1356 1742 1580 1797 possimus
1611 1741 1683 1795 (ΙΙ,
1714 1740 1828 1794 239).
1853 1740 1930 1785 His
1959 1745 2004 1784 et
2032 1738 2151 1783 veris

582 1829 818 1883 religiosae
849 1828 1104 1873 humilitatis
1135 1828 1309 1872 indiciis
1340 1828 1391 1882 (Ι,
1414 1827 1527 1881 286),
1556 1827 1702 1871 honus
1733 1826 1845 1871 odor
1865 1839 1889 1870 a
1909 1824 2074 1869 nostris
2104 1822 2149 1866 in

584 1915 757 1970 agendo
789 1915 1063 1960 diffundetur
1092 1914 1164 1969 (ll,
1197 1914 1310 1968 247),
1332 1920 1376 1959 et
1405 1914 1504 1969 plus
1533 1913 1817 1969 perficiemus
1848 1925 1980 1966 quam
2011 1909 2151 1954 aulica

581 2002 834 2048 urbanitate
857 2002 1086 2057 gratisque
1107 2002 1325 2046 humanae
1357 2001 1696 2046 benevolentiae
1729 1998 1956 2053 obsequiis
1977 1998 2029 2052 (l,
2050 1995 2146 2041 290.

580 2089 642 2134 Cf.
668 2089 740 2141 ΙΙΙ,
760 2089 875 2143 251).

640 2175 749 2220 Hinc
772 2189 903 2219 nemo
924 2176 969 2219 in
991 2175 1184 2220 minimis
1202 2180 1391 2229 reponat
1410 2173 1588 2228 regulas
1608 2172 1851 2217 modestiae
1867 2170 1960 2225 (111.
1978 2169 2046 2223 68,
2065 2169 2151 2223 69),

584 2268 629 2307 et
650 2261 955 2306 Moderatores
979 2274 1134 2306 omnes
1157 2260 1325 2305 sollerti
1347 2274 1452 2305 cura
1474 2260 1704 2304 attendant
1722 2264 1771 2304 ut
1790 2258 1871 2302 hae
1893 2256 2074 2311 regulae
2096 2255 2150 2299 ab

583 2348 789 2393 omnibus
819 2347 1028 2402 religiose
1060 2353 1297 2392 serventur
1326 2347 1417 2401 (ΙΙΙ,
1443 2347 1510 2401 70,
1544 2347 1662 2400 147);
1687 2345 1740 2390 ad
1772 2358 1881 2400 quas
1910 2344 2034 2398 leges
2064 2341 2148 2386 nisi

582 2436 781 2481 iuniores
804 2449 851 2479 se
873 2448 1144 2490 componere
1176 2441 1449 2488 assuescant,
1473 2433 1719 2478 deteriores
1749 2432 1857 2477 fient
1885 2436 2027 2476 aetate
2047 2443 2150 2486 pro-

585 2523 700 2567 vecti
731 2522 805 2576 (ΙΙ,
838 2521 951 2575 207).
987 2522 1064 2566 Est
1093 2535 1200 2566 vero
1235 2520 1476 2565 multorum
1512 2520 1694 2575 querela
1730 2518 2003 2564 obsolevisse
2033 2517 2149 2561 illam

583 2607 813 2654 Societatis
846 2613 1027 2652 nostrae
1057 2613 1228 2652 tantum
1264 2606 1366 2651 olim
1401 2606 1620 2651 laudatam
1654 2606 1932 2659 modestiam,
1964 2603 2150 2648 maxime

585 2708 694 2740 vero
737 2693 781 2738 in
822 2693 1071 2738 iunioribus
1111 2694 1160 2747 (Ι,
1200 2692 1414 2747 442-443),
1449 2692 1726 2746 dicimurque
1760 2691 1983 2736 interdum
2020 2690 2149 2735 etiam

582 2780 912 2827 inconsiderate
943 2779 1063 2833 loqui
1094 2784 1138 2823 et
1166 2779 1359 2833 colloqui
1389 2778 1441 2832 (1,
1463 2778 1558 2822 442.
1592 2778 1653 2822 Cf.
1687 2777 1759 2831 ΙΙΙ,
1793 2776 1887 2830 136,
1920 2776 2032 2831 137),
2066 2790 2146 2821 nec

582 2867 712 2924 pauci
733 2866 816 2911 hoc
837 2865 881 2909 in
902 2879 1070 2921 genere
1092 2865 1235 2909 valido
1257 2866 1384 2909 freno
1417 2870 1552 2918 egent
1571 2864 1622 2919 (Ι,
1646 2863 1759 2917 384),
1784 2877 1835 2908 eo
1857 2863 1998 2917 magis
2029 2862 2147 2917 quod

586 2953 786 2999 universi
810 2966 892 2997 nos
914 2952 1202 3006 speculantur
1222 2951 1274 3005 (l,
1296 2951 1392 2995 285.
1418 2951 1469 3002 ll,
1489 2951 1603 3004 400),
1638 2956 1682 2994 et
1713 2963 1800 3004 quo
1834 2949 2022 3004 quisque
2050 2962 2152 2993 nos-

582 3046 699 3086 trum
722 3054 821 3084 cum
842 3039 895 3083 iis
916 3043 1121 3082 versatur
1142 3038 1300 3092 spiritu
1319 3037 1462 3092 probe
1484 3036 1681 3081 sentiunt
1700 3036 1770 3089 (ll,
1794 3035 1889 3086 246,
1908 3035 2002 3079 299.
2027 3034 2088 3079 Cf.
2115 3035 2147 3088 1,

583 3125 797 3179 380-383).
823 3124 1069 3179 Aliquando
1098 3124 1226 3168 etiam
1257 3124 1326 3168 vel
1346 3124 1477 3168 unius
1505 3123 1694 3167 hominis
1725 3122 1905 3166 minime
1932 3121 2047 3172 mali,
2069 3121 2146 3165 sed

584 3211 878 3267 imprudentis
918 3210 1082 3255 dictum
1123 3216 1197 3254 aut
1234 3210 1396 3254 factum
1435 3209 1639 3254 Societati
1689 3209 1847 3253 damna
1886 3209 2146 3262 gravissima

585 3298 731 3342 intulit
751 3297 822 3351 (ΙΙ,
847 3296 959 3350 438).
