2315 3559
1692 235 1754 250 μιν

828 249 924 288 nnc
950 265 1016 270 —
1043 250 1140 287 REL
1656 236 1757 290 410

207 405 315 457 Quid
338 406 381 448 in
404 419 455 449 ea
476 405 688 459 exigenda
707 404 969 458 praesertim
987 404 1220 458 dispiciant
1237 403 1447 446 Praefecti
1467 417 1613 446 rerum
1633 404 1759 457 spiri-

207 491 385 534 tualium
407 491 478 544 (II,
499 490 609 544 160).

261 618 620 663 RECOLLEC'I'IO
674 617 832 662 cotidie
882 617 1082 662 facienda
1130 631 1211 671 per
1260 616 1525 669 orationem,
1576 627 1758 658 examen

206 705 501 748 conscientiae
523 711 566 748 et
585 704 768 748 rationis
789 703 1082 748 conversandi
1104 717 1201 747 cum
1233 702 1432 757 proximo
1463 701 1513 754 (I,
1537 700 1607 754 53)
1633 715 1641 744 :
1667 699 1755 744 vid.

206 790 420 842 Examen,
444 790 610 835 Oratio.
637 790 880 842 Quotannis
902 804 983 844 per
1005 790 1171 843 aliquot
1192 789 1285 833 dies
1306 790 1363 841 (1,
1383 787 1453 842 53)
1479 802 1487 831 :
1511 786 1603 832 vid.
1621 787 1761 831 Exer-

205 875 316 919 citia
330 875 601 931 spiritualia.
620 875 736 918 Alias
750 875 969 919 interdum
987 875 1040 918 ad
1054 873 1365 918 restaurandas
1379 873 1496 916 vires
1510 871 1760 926 spirituales

204 961 256 1014 (I,
279 960 374 1014 209,
396 960 491 1005 210.
511 960 561 1012 ΙΙ,
580 961 676 1014 255,
699 960 795 1014 256,
818 960 915 1014 285)
940 975 949 1004 :
973 960 1061 1005 vid.
1087 960 1358 1013 ministeria,
1379 958 1647 1004 Renovatio.

260 1087 537 1132 RECTORES
558 1101 638 1131 cur
656 1087 941 1142 praeficiendi
964 1087 1051 1132 sint
1071 1086 1272 1141 Collegiis
1294 1086 1344 1140 (Ι,
1370 1085 1527 1138 19-28),
1552 1091 1595 1129 et
1617 1083 1761 1138 ampla

204 1178 422 1226 potestate
451 1173 677 1217 muniendi
708 1174 757 1225 (I,
789 1173 874 1226 29).
907 1173 1014 1217 Toto
1046 1173 1190 1216 animo
1223 1186 1320 1216 sese
1349 1171 1402 1215 ad
1425 1169 1760 1225 gubernationis

204 1272 353 1302 curam
371 1258 608 1312 applicent,
631 1258 813 1312 reliquis
836 1257 1041 1302 omnibus
1064 1258 1236 1301 omissis
1269 1270 1381 1311 quae
1413 1270 1489 1300 eos
1519 1255 1761 1310 impediant

206 1357 252 1386 ac
291 1343 533 1387 distrahant
571 1344 620 1396 (Ι,
659 1343 767 1396 188),
810 1350 1101 1387 exonerantes
1137 1356 1183 1386 se
1218 1342 1263 1386 in
1300 1342 1614 1386 Procuratores
1655 1354 1760 1384 cura

205 1429 511 1482 temporalium
550 1429 600 1481 (I,
648 1429 755 1481 189),
799 1442 902 1472 suos
943 1428 1141 1482 exemplo
1180 1434 1448 1482 praeeuntes
1487 1426 1538 1479 (Ι,
1579 1425 1676 1478 202)
1718 1432 1761 1470 et

205 1515 415 1569 peculiari
437 1529 542 1558 cura
562 1515 841 1569 invigilantes
871 1514 1118 1558 iunioribus
1147 1514 1369 1567 magistris
1400 1512 1469 1566 (II,
1499 1512 1612 1565 206).
1637 1511 1760 1556 Com-

204 1602 470 1646 mendantur
498 1602 604 1656 ipsis
638 1602 891 1646 nominatim
923 1601 1137 1655 quaedam
1167 1600 1347 1654 regulae
1376 1600 1428 1654 (l,
1459 1599 1572 1653 201).
1606 1598 1760 1643 Cetera

208 1687 297 1731 vid.
328 1688 607 1743 Superiores.

261 1813 506 1857 REGIMEN
523 1813 592 1867 (II,
616 1813 713 1867 219)
739 1827 747 1856 :
775 1812 861 1857 vid.
887 1813 1175 1858 Gubernatio.

261 1937 510 1982 REGULAE
532 1938 582 1991 (1,
609 1938 678 1991 87)
705 1952 712 1980 ;
736 1937 826 1981 vid.
853 1937 1226 1982 constitutiones.

261 2063 488 2116 RELIGIO,
512 2063 555 2106 in
578 2063 701 2106 cuius
723 2062 953 2117 disciplina
968 2062 1141 2105 firmum
1157 2060 1490 2104 fundamentum
1506 2057 1761 2113 ponendum

206 2157 407 2203 tempore
428 2149 703 2203 probationis
734 2149 785 2202 (l,
817 2149 903 2202 62),
938 2162 1068 2202 quem
1100 2147 1243 2191 locum
1274 2147 1319 2190 in
1350 2145 1546 2189 Ecclesia
1577 2151 1765 2198 occupet

207 2234 258 2287 (Ι,
286 2234 378 2287 178)
404 2249 412 2278 :
436 2234 525 2278 vid.
550 2235 762 2279 Ecclesia.
784 2233 920 2285 Quam
943 2239 1134 2286 optatam
1157 2238 1200 2275 et
1220 2230 1464 2285 expeditam
1483 2229 1763 2274 securitatem

210 2319 336 2363 nobis
360 2326 553 2374 praestet
569 2319 619 2372 (l,
645 2319 734 2371 179)
760 2333 768 2362 ;
794 2315 882 2362 vid.
902 2318 1104 2363 Vocatio.

264 2404 324 2448 Ne
347 2405 513 2448 caelum
538 2405 604 2455 sit,
626 2404 743 2458 quod
766 2404 805 2448 S.
828 2403 1080 2447 Bernardus
1103 2402 1266 2445 dehere
1290 2415 1388 2445 esse
1413 2401 1485 2451 ait,
1511 2414 1599 2444 non
1621 2399 1765 2442 diver-

209 2491 312 2534 sitas
333 2504 641 2544 personarum,
666 2489 743 2533 sed
764 2489 1009 2532 animorum
1041 2487 1273 2531 disiunctio
1294 2486 1399 2530 fecit
1425 2487 1497 2539 (ΙΙ,
1530 2485 1641 2538 124),
1665 2499 1763 2528 cum

209 2575 392 2618 familias
414 2574 643 2628 religiosas
665 2573 913 2617 disturbent
944 2573 1123 2616 discidia
1157 2573 1208 2625 (I,
1242 2572 1333 2618 174,
1363 2571 1475 2624 175),
1505 2584 1617 2624 quae
1638 2569 1764 2614 facile

212 2661 317 2704 oriri
355 2667 543 2714 possunt
582 2674 633 2703 ex
673 2659 858 2703 duorum
895 2659 1083 2702 triumve
1119 2658 1324 2702 convictu
1363 2657 1556 2700 virorum
1589 2656 1764 2699 laxioris

211 2747 325 2790 vitae
347 2746 415 2798 (ll,
438 2746 528 2796 139,
554 2746 662 2799 140),
686 2745 755 2789 vel
777 2745 1003 2789 doctrinae
1024 2745 1094 2797 (ΙΙ,
1117 2744 1185 2798 59,
1208 2744 1278 2796 60)
1304 2758 1313 2787 :
1336 2742 1427 2787 vid.
1451 2743 1579 2788 Unio.

267 2831 485 2883 Quantum
506 2831 707 2875 conferat
726 2830 971 2884 exemplum
1001 2830 1225 2874 seniorum
1246 2829 1297 2883 (I,
1319 2828 1414 2873 201.
1439 2828 1490 2882 ΙΙ,
1513 2828 1608 2881 211,
1631 2826 1728 2879 212)
1754 2840 1762 2870 :

214 2917 303 2961 vid.
326 2917 633 2972 Antiquiores.

269 3002 476 3055 Religiosi
516 3001 683 3045 ordinis
717 3000 992 3044 incolumitas
1028 3007 1071 3044 et
1102 3013 1386 3054 progressus,
1409 2998 1550 3042 tribus
1579 2997 1766 3041 maxime

213 3087 445 3142 praesidiis
467 3087 732 3138 continetur,
756 3092 868 3130 teste
888 3086 928 3129 S.
955 3085 1262 3129 Bonaventura
1281 3085 1329 3137 (1,
1350 3083 1445 3137 435,
1468 3084 1580 3137 436).

271 3171 386 3217 Finis
418 3178 460 3216 et
498 3178 612 3221 vota,
644 3184 804 3226 magna
838 3183 894 3215 ex
927 3176 1067 3226 parte,
1110 3170 1238 3215 nobis
1274 3183 1372 3213 cum
1409 3168 1503 3213 aliis
1534 3168 1764 3213 ordinibus
