2315 3559
804 251 905 288 nm
932 265 998 271 —
1027 249 1115 287 INF
1636 233 1728 286 441

181 399 241 444 Cf.
280 400 329 450 ΙΙ,
362 399 455 442 369.
495 398 565 449 ΙΙΙ,
605 396 698 449 109,
729 395 849 446 246)1
883 402 930 439 ut
963 409 1016 437 ne
1047 394 1100 437 de
1130 392 1214 437 illis
1250 391 1426 446 quidem
1464 391 1545 434 nisi
1582 391 1737 435 stolide

182 484 413 538 superbire
444 482 664 537 possimus
696 481 765 533 (ΙΙ,
801 480 912 529 317).
958 480 1064 523 Item
1088 480 1136 523 in
1162 478 1292 523 rebus
1321 477 1525 522 adversis
1546 477 1617 530 (ΙΙ,
1641 476 1735 530 301,

179 568 273 614 337,
293 569 386 619 441,
406 567 500 610 446.
520 566 590 620 ΙΙΙ,
615 566 704 615 117,
723 565 835 617 217),
856 571 903 609 ut
919 578 969 608 ea
988 565 1099 609 sicut
1115 564 1242 607 decet
1258 562 1536 617 perferamus
1553 561 1623 613 (ΙΙ,
1641 561 1739 604 472-

181 654 274 697 475.
296 654 367 707 ΙΙΙ,
386 652 597 704 118-120),
619 665 729 695 neve
754 651 849 705 ipsa
871 651 1061 694 fortasse
1080 663 1160 693 nos
1177 649 1229 692 ad
1248 648 1466 702 quandam
1486 646 1737 701 superbiam

180 739 387 783 extollant
406 738 477 790 (ll,
495 737 590 790 465,
609 736 722 789 466),
744 749 831 779 non
850 736 944 779 sine
962 748 1122 788 magno
1142 740 1295 777 nostro
1313 732 1511 787 periculo
1529 731 1603 784 (ΙΙ,
1621 731 1735 783 471).

235 824 282 867 ln
319 823 521 867 omnihus
557 835 664 875 ergo
700 821 980 864 humiliemus
1016 834 1098 864 nos
1134 819 1204 872 (Il,
1242 818 1355 871 340),
1393 831 1616 861 memores
1657 830 1738 861 nos

179 909 281 953 nihil
301 922 435 963 posse
457 908 526 960 (ll,
551 907 645 960 361,
669 906 783 959 388),
815 906 919 950 nihil
952 919 1052 950 esse
1083 905 1165 949 nisi
1197 904 1491 948 instrumenta
1519 902 1592 955 (ΙΙ,
1623 901 1736 955 41⁶2),

178 994 337 1048 quibus
360 994 394 1038 si
416 993 617 1037 volumus
641 999 686 1036 ut
707 993 823 1036 Deus
853 998 1013 1041 utatur,
1045 990 1286 1034 humilitate
1308 1002 1419 1043 opus
1442 994 1509 1033 est
1529 988 1599 1041 (ΙΙ,
1622 986 1736 1040 413).

235 1080 372 1124 Huius
407 1080 580 1123 virtutis
615 1079 855 1133 praecipua
890 1077 1155 1121 documenta
1189 1076 1387 1120 continet
1419 1074 1532 1118 liber
1567 1073 1740 1118 Exerci-

178 1166 337 1210 tiorum
361 1165 651 1219 spiritualium
672 1165 743 1215 (ll,
767 1163 963 1214 374-376,
988 1162 1082 1206 465.
1108 1162 1179 1214 ΙΙΙ,
1206 1161 1317 1214 172).

235 1350 585 1429 lMMENsrrAs
606 1384 685 1427 dos
707 1389 774 1427 est
795 1383 977 1437 propria
998 1381 1243 1425 Divinitatis
1264 1380 1335 1434 (H,
1362 1380 1433 1424 151
1442 1380 1458 1433 )
1484 1394 1492 1422 :
1516 1377 1607 1423 vid.
1632 1379 1740 1424 Per-

177 1477 402 1521 fectiones
425 1475 622 1519 divinae.

232 1598 657 1642 INDIPFERENTIA
677 1596 748 1640 vol
769 1595 1070 1650 aequabilitas,
1097 1607 1183 1648 qua
1205 1601 1373 1638 statuae
1394 1593 1533 1636 instar
1555 1604 1644 1634 non
1665 1590 1737 1634 illo

181 1696 357 1726 versum
396 1683 536 1736 magis
576 1696 706 1735 quam
746 1681 829 1724 alio
868 1679 1206 1734 propendimus,
1249 1686 1449 1722 nostrum
1498 1676 1740 1731 quemlibet

181 1768 308 1812 decet
328 1768 381 1811 ad
403 1782 577 1812 omnem
604 1767 765 1820 locum,
791 1766 984 1818 domum,
1009 1765 1243 1818 collegium
1277 1764 1327 1817 (Ι,
1357 1763 1481 1816 457),
1506 1762 1559 1806 ad
1590 1762 1741 1805 minis-

180 1853 290 1896 teria
325 1859 367 1896 et
407 1852 568 1905 gradus
609 1850 836 1895 Societatis
877 1849 1119 1904 explicetur
1147 1849 1264 1893 bene
1305 1848 1513 1902 serioque
1554 1845 1739 1891 noviciis

178 1938 425 1982 inculcetur
457 1938 507 1991 (l,
548 1937 637 1988 197,
673 1937 793 1990 19Ο);
831 1936 882 1980 ad
919 1936 1064 1980 socios
1100 1942 1143 1979 et
1175 1935 1453 1989 Superiores,
1489 1932 1739 1977 mortalium

180 2037 251 2067 res
264 2022 462 2077 publicas
484 2037 624 2076 regno
647 2023 881 2066 Beatorum
905 2021 1069 2065 similes
1090 2020 1194 2064 facit
1209 2020 1281 2073 (ΙΙ,
1302 2019 1414 2072 130).
1434 2019 1475 2063 Si
1490 2032 1597 2062 vero
1615 2017 1741 2061 abest

178 2110 285 2152 haec.
308 2116 458 2152 sancta
488 2108 799 2160 indifferentia,
834 2113 1079 2160 sequentur
1106 2106 1242 2149 multa
1274 2104 1552 2149 incommoda
1574 2104 1644 2156 (ll,
1669 2102 1736 2147 83.

180 2193 249 2243 III,
271 2192 338 2247 34,
368 2193 457 2246 125,
482 2192 574 2245 163,
602 2192 711 2245 164).
738 2191 827 2236 vid.
852 2192 995 2236 Vetus
1015 2192 1166 2236 homo.

234 2335 684 2381 INFORMATIONES
705 2336 758 2379 ad
781 2335 964 2389 gradum
987 2335 1037 2387 (Ι,
1068 2335 1175 2388 198),
1199 2335 1252 2378 ad
1273 2334 1472 2388 regimen
1495 2335 1545 2387 (Ι,
1572 2334 1664 2378 191.
1689 2334 1739 2385 ΙΙ,

181 2422 276 2475 223,
294 2422 391 2475 224)
409 2428 452 2465 et
467 2421 548 2464 alia
565 2421 792 2465 Societatis
813 2421 963 2464 munia
979 2421 1050 2475 (ΙΙ,
1075 2421 1166 2473 146)
1187 2434 1461 2474 magnopere
1478 2420 1542 2464 rei
1560 2427 1738 2464 nostrae

181 2509 425 2552 communis
447 2509 633 2551 interest
652 2514 700 2552 ut
721 2508 808 2551 sint
827 2507 978 2551 fideles
1001 2507 1071 2559 (ll,
1100 2506 1207 2560 130).
1233 2506 1367 2550 Fideli
1400 2507 1615 2550 relatione
1638 2520 1739 2561 sup-

180 2595 385 2649 primitur
418 2593 621 2637 distantia
655 2593 853 2636 locorum
885 2593 955 2644 (11,
991 2593 1099 2646 151),
1133 2592 1288 2635 melius
1324 2593 1609 2636 innotescunt
1639 2592 1739 2636 suh-

182 2680 256 2724 diti
272 2694 402 2733 quam
415 2679 666 2734 praesentia
680 2678 900 2732 corporali
914 2679 983 2730 (ll,
1002 2678 1247 2731 15-2)‚eique
1260 2678 1488 2722 Societatis
1501 2678 1738 2722 universae

181 2765 380 2818 regimen
416 2764 618 2807 innititur
651 2763 720 2815 (ΙΙ,
756 2763 866 2816 153);
910 2763 967 2806 ita
1003 2769 1050 2807 ut
1083 2763 1161 2806 hac
1200 2763 1395 2806 veritatis
1430 2762 1527 2806 luce
1569 2762 1739 2806 sublata

184 2850 395 2903 migraret
415 2850 459 2893 in
482 2850 612 2892 chaos
634 2849 705 2901 (ΙΙ,
730 2848 840 2901 129).

238 2935 375 2986 Quam
424 2934 566 2977 lucem
617 2947 672 2977 ne
719 2933 963 2977 monitores
1019 2933 1139 2976 infidi
1197 2932 1439 2977 obscurent
1486 2932 1736 2977 inordinato

184 3020 343 3063 affectu
362 3020 433 3070 (ΙΙ,
461 3018 568 3071 130),
589 3019 838 3072 deligantur
858 3018 1031 3072 probati
1064 3018 1211 3062 iudicii
1244 3024 1287 3062 et
1318 3018 1603 3072 incorruptae
1637 3017 1737 3062 fidei

183 3105 442 3149 Sacerdotes
463 3105 534 3157 (ll,
559 3104 671 3157 153),
697 3105 769 3157 qui
792 3103 909 3147 nulla
937 3104 1238 3158 propensione
1271 3103 1352 3147 alia
1382 3103 1500 3146 ducti
1529 3117 1659 3156 quam
1683 3102 1736 3146 ad

183 3205 372 3246 aequum
394 3197 436 3234 et
455 3191 688 3234 honestum
710 3189 780 3243 (II,
803 3188 914 3242 148),
937 3188 1064 3233 fidele
1091 3189 1299 3233 iudicium
1320 3188 1480 3242 ferant,
1504 3201 1612 3242 prae
1634 3201 1736 3232 ocu·
