2315 3559
242 389 294 422 Is.
307 390 339 431 5,
355 391 408 423 20.

230 500 295 532 ΡΒ.
307 499 361 532 61.
374 500 407 532 5.

196 700 315 733 Prov.
341 700 370 741 1,
396 700 447 733 18.

212 895 330 926 Rom.
349 894 379 935 1,
395 895 428 927 2.

198 990 430 1045 insipiens,

170 1294 289 1326 nom.
306 1293 336 1332 1,
351 1293 463 1326 21-22.

191 1390 313 1422 Eeen.
339 1390 393 1430 34,
408 1391 442 1422 2.

211 1492 270 1525 Ib.
285 1493 340 1534 21,
367 1494 418 1526 15.

200 1595 212 1627 1
230 1595 332 1628 Tim.
347 1597 380 1636 6,
395 1597 428 1629 9.

220 1706 300 1739 Iac.
315 1707 348 1745 3,
366 1707 417 1739 15.

201 1802 319 1835 Rom.
335 1803 367 1844 8,
383 1803 415 1836 7.

165 1913 244 1954 spe
262 1899 459 1946 orbatus.

194 2202 317 2236 Eccli.
332 2204 386 2242 34,
403 2204 435 2237 1.

175 2394 270 2438 sap.
285 2397 319 2438 2,
335 2397 355 2429 3
369 2398 409 2430 et
423 2398 444 2431 5

188 2582 425 2620 contumax

196 2630 241 2675 in
264 2631 417 2676 Deum.

195 2905 279 2939 Iob.
294 2906 348 2948 21,
365 2907 418 2940 15.

246 3207 305 3241 lb.
322 3207 375 3242 14.

539 215 641 272 0224
713 233 962 275 EPisToLA
1000 237 1049 277 R.
1093 233 1139 278 Ρ.
1181 239 1234 278 Ν.
1276 234 1395 279 ΑΝΤ.
1446 234 1571 279 MAR.
1618 236 1927 282 ANDERLEDY

538 387 611 436 tes
649 383 891 438 tenebras
929 384 1100 439 lucem
1118 391 1169 439 et
1195 385 1365 440 lacem
1404 386 1661 442 tenebras.
1694 385 1827 441 Sunt
1870 387 1966 456 illi,
2008 389 2103 457 qui

534 499 621 537 ore
666 502 762 538 suo
818 484 1193 539 benedicebant
1240 492 1290 539 et
1338 488 1488 541 corde
1540 505 1635 541 suo
1692 487 2098 556 maledicebant,

535 582 628 650 qui
673 600 736 638 eo
785 601 956 652 usque
1000 591 1126 638 sunt
1163 585 1467 653 mendaceS,
1514 594 1574 640 ut
1610 587 1914 641 moliantur
1949 588 2104 656 fraa-

533 684 622 738 des
681 691 865 739 contra
930 684 1072 753 ipsas
1140 686 1360 740 animas
1436 705 1581 741 suas,
1647 687 1781 742 Sunt
1846 687 1942 756 illi,
2007 688 2102 758 qui

533 783 706 852 ipsam
762 792 1226 840 commutaverunt
1283 787 1561 842 veritatem
1620 788 1723 843 Dei
1771 789 1833 843 in
1882 791 2103 844 menda-

531 884 697 938 cium.

600 983 733 1038 Sunt
777 983 1092 1053 insipientes
1137 984 1235 1054 illi,
1276 986 1373 1054 qui
1417 994 1755 1042 evanuerant
1798 988 1858 1043 in
1904 989 2101 1057 cogita-

533 1085 771 1139 tionibus
827 1087 945 1139 suis
1007 1092 1057 1140 et
1120 1086 1462 1141 obscuratam
1533 1093 1609 1142 est
1681 1088 1951 1155 insipiens
2015 1106 2102 1143 cor

528 1202 749 1239 eoram:
808 1186 1103 1241 dicentes..
1162 1204 1217 1242 se
1270 1204 1379 1241 esse
1430 1188 1716 1255 sapientes,
1768 1189 1927 1242 stulti
1969 1189 2101 1257 facti

527 1293 671 1341 sant.
719 1287 1147 1356 Apprehendunt
1202 1288 1477 1354 umbram,
1530 1296 1931 1357 persequuntur
1980 1307 2101 1344 ven-

530 1393 664 1440 tam.
708 1385 823 1441 Una
862 1394 942 1442 est
986 1385 1117 1455 ipsis
1162 1386 1373 1456 reliqua
1409 1388 1701 1456 sapientia,
1750 1406 1886 1458 quae
1927 1388 2099 1443 abun-

526 1488 621 1541 dat
658 1488 720 1542 in
755 1489 917 1551 mate,
966 1487 1250 1557 sapientia,
1299 1505 1437 1556 quae
1481 1487 1672 1544 incidit
1722 1489 1783 1543 in
1844 1489 2097 1558 laqueum

525 1588 751 1656 diaboti,
811 1588 901 1644 illa
958 1588 1240 1659 sapientia,
1293 1607 1432 1659 quae
1487 1609 1517 1645 a
1571 1589 1622 1644 S.
1671 1589 1864 1644 Iacobo
1908 1588 2099 1644 defini-

524 1696 615 1743 tur
653 1695 883 1757 terrena,
926 1690 1212 1756 animatis,
1255 1691 1543 1745 diabolica.
1586 1689 1679 1745 Est
1715 1688 1861 1745 enim
1888 1688 2098 1758 sapien-

523 1787 598 1842 tia
642 1805 832 1844 eorum
881 1789 1157 1857 sapientia
1205 1791 1405 1857 carnis,
1468 1790 1702 1845 inimica
1748 1789 1872 1844 De0.

593 1888 820 1943 Inimico
898 1906 1027 1944 vero
1104 1889 1198 1945 Dei
1278 1907 1546 1959 quaenam
1620 1907 1759 1958 speS,
1825 1905 2094 1958 quaenam

521 1988 845 2057 exspectatio
891 2006 1005 2044 esse
1043 1990 1253 2058 potest?
1302 1989 1481 2044 Insani
1524 1988 1764 2044 hominis
1808 2005 1868 2043 ac
1912 1987 2095 2043 stolidi

521 2106 642 2157 spes
704 2089 818 2144 eius
881 2096 977 2144 est.
1066 2089 1218 2145 Vana
1281 2107 1398 2158 spes
1463 2096 1513 2144 et
1572 2089 1918 2144 mendacium
1978 2089 2095 2143 viro

523 2188 811 2244 insensate.
865 2188 994 2258 Spes
1061 2187 1196 2257 eius,
1249 2196 1309 2242 ut
1357 2187 1521 2243 habet
1579 2188 1716 2243 liber
1776 2187 2090 2257 sapientiae,

521 2296 602 2343 est
632 2289 849 2358 nebula,
895 2296 977 2344 est
1018 2289 1311 2358 vestigium
1348 2288 1530 2354 nubis,
1561 2296 1641 2343 est
1676 2289 1903 2344 itmbrae
1947 2295 2094 2344 tran-

519 2389 678 2443 situs

590 2488 742 2553 Quod
799 2507 927 2545 vero
971 2488 1467 2559 perversissimum,
1526 2497 1606 2545 est
1661 2489 1850 2545 mundi
1906 2506 2091 2558 super-

518 2588 626 2644 bia.
669 2589 796 2657 De0‚
840 2607 1023 2645 rerum
1068 2589 1419 2658 dominatori,
1466 2589 1843 2659 obtemperare
1886 2590 2091 2645 detrec-

519 2696 635 2744 tant
678 2690 869 2745 mundi
918 2691 1168 2745 asseclae.
1213 2690 1348 2757 Quis
1391 2697 1467 2746 est
1510 2689 1880 2758 Omnipoten3‚
1916 2690 2084 2758 aiunt,

518 2796 579 2844 ut
619 2790 925 2845 serviamus
978 2791 1070 2845 ei?
1117 2797 1167 2845 et
1215 2792 1349 2861 qnid
1401 2791 1556 2846 nobis
1593 2792 1825 2859 prodest,
1872 2792 1924 2845 si
1970 2809 2089 2846 ora-

518 2890 759 2945 verimus
797 2890 999 2944 ittam?
1025 2890 1221 2958 Legem
1248 2891 1342 2946 Dei
1369 2890 1766 2946 sanctissimam
1803 2898 2083 2960 respuunt,

518 2997 571 3044 et
622 2989 702 3044 vel
753 2988 1121 3056 cognitionem
1171 2991 1286 3046 eius
1336 2992 1727 3048 contumaciter
1775 2992 2080 3061 repudiant.

515 3090 711 3145 Recede
763 3108 797 3145 a
859 3090 1031 3159 nobis,
1101 3098 1150 3146 et
1215 3093 1502 3148 scientiam
1571 3093 1792 3148 viarum
1863 3099 2084 3147 tuarum

516 3191 790 3245 notamus,
845 3189 1228 3261 Contemptum
1277 3193 1479 3249 audent
1538 3209 1814 3264 opponere
1874 3192 2085 3260 legisla-
