2315 3559
220 2665 367 2705 Congr.
381 2663 432 2695 12.

242 2705 349 2738 decr.
363 2705 415 2737 19.

541 294 642 351 184
714 312 964 352 ErisTOLA
1003 315 1050 352 R.
1096 315 1141 352 P.
1183 317 1236 353 N.
1278 315 1398 354 ANT.
1448 317 1573 356 MAR.
1620 318 1929 359 ANDERLEDY

545 458 676 513 verti
722 459 777 513 in
821 477 945 514 eum
999 460 1181 528 velint,
1239 461 1333 529 qui
1388 462 1572 530 lingua
1625 466 1705 519 vel
1755 467 1961 521 calamo
2012 468 2106 522 ali—

539 577 703 628 quem
743 560 1047 615 offenderit.
1092 562 1395 631 Utrumque
1439 565 1688 619 odiosum
1740 574 1819 620 est
1874 574 1926 621 et
1980 567 2106 622 alie-

539 677 669 713 num
714 660 780 714 ab
825 678 884 714 ea
935 661 1272 716 humanitate
1311 681 1368 717 ac
1414 663 1695 733 dignitate,
1743 683 1882 734 quae
1926 667 2103 721 virum

538 760 851 828 religiosum
908 760 1088 827 decet;
1148 761 1280 817 illud
1332 781 1458 818 vero
1509 765 1934 835 odiosissimum,
1981 785 2104 822 cum

536 863 742 916 calamo
787 861 1102 930 quempiam
1153 864 1235 917 vel
1286 864 1565 932 arguimus
1619 867 1698 920 vel
1753 866 2100 933 castigamus,

538 962 648 1015 Hoc
722 960 866 1016 enim
930 961 1254 1030 obiurgandi
1326 982 1495 1031 genus
1564 965 1803 1033 plurium
1877 966 2105 1021 incurrit

536 1062 908 1126 offensionem,
958 1081 1053 1118 nec
1104 1064 1257 1119 facile
1301 1065 1510 1120 deletur
1547 1066 1835 1121 oblivione.

604 1163 776 1226 Quare
828 1163 1009 1218 Patres
1060 1164 1115 1218 in
1166 1182 1226 1219 ea
1277 1183 1442 1234 quam
1500 1166 1609 1220 dixi
1653 1166 2099 1235 Congregatione,

536 1264 839 1331 postulante
876 1264 938 1317 R.
973 1264 1028 1318 P.
1061 1264 1249 1319 Carolo
1289 1266 1354 1320 de
1392 1267 1626 1334 Noyelle,
1668 1267 1907 1334 generali
1948 1269 2104 1323 Prae-

535 1363 731 1431 positO,
780 1370 1102 1432 statuerunt,
1156 1372 1216 1419 ut
1269 1366 1320 1419 si
1373 1367 1721 1435 contigerit...
1777 1384 2103 1437 quemquam

533 1481 559 1519 e
636 1464 854 1532 nostris,
935 1465 1090 1531 alios,
1171 1466 1340 1519 etiam
1415 1484 1770 1536 quoscumque
1839 1474 2098 1535 exteram,

532 1565 775 1619 maxime
821 1582 940 1620 vero
989 1566 1268 1634 religiosos
1317 1573 1413 1620 aut
1461 1567 1605 1621 viros
1647 1568 1969 1634 primarios,
2022 1569 2104 1623 vet

535 1665 730 1733 linqua
783 1666 865 1719 vet
921 1666 1127 1719 eatam-o
1182 1672 1279 1719 aat
1334 1684 1668 1736 quacumque
1721 1667 1839 1721 alia
1893 1668 2103 1722 ratione

532 1765 806 1835 offendere,
885 1772 981 1819 aut
1054 1766 1258 1819 iustam
1326 1766 1443 1820 illis
1509 1767 1816 1838 offensionis
1882 1785 2102 1822 eausam

532 1867 727 1919 ctare...
783 1866 844 1920 iri
896 1866 1061 1920 ittam
1102 1867 1405 1933 superiores
1454 1867 1747 1936 diligenter
1791 1868 2097 1937 inquirant,

533 1983 741 2034 quaque
792 1984 898 2033 par
945 1973 1022 2020 est
1073 1967 1353 2021 severitate
1412 1968 1872 2033 animadvertant,
1928 1968 2103 2022 nihil-

533 2082 632 2134 que
676 2066 996 2120 huiusmodi
1035 2066 1377 2134 impunitam
1414 2068 1765 2136 relinquam&
1813 2074 1874 2122 sat
1917 2075 2104 2123 careat

535 2165 624 2232 iiS,
691 2166 787 2234 qai
845 2183 898 2220 se
950 2167 1114 2221 laesos
1174 2167 1492 2221 eoeistimare
1556 2167 1750 2222 merito
1800 2168 2097 2235 potuerint,

534 2265 773 2319 debitam
819 2266 1247 2335 satisfactionem
1291 2284 1456 2335 quam
1483 2267 1737 2334 primam
1762 2267 2103 2334 eseliiberi...;

534 2372 594 2419 at
672 2366 1055 2421 consultores..
1137 2372 1421 2421 teneantur
1503 2384 1718 2422 monere
1799 2368 2102 2436 superiores

534 2465 812 2532 mediatos,
864 2466 915 2520 si
969 2466 1102 2535 qaid
1146 2466 1211 2519 ab
1261 2466 1446 2535 aliquo
1492 2473 1768 2533 peccatam
1799 2467 1884 2539 Sit
1931 2473 1981 2521 et
2029 2485 2102 2521 aii

528 2565 916 2631 paenitentiae,
964 2582 1143 2632 necne,
1196 2571 1245 2620 et
1292 2567 1476 2634 quates
1526 2566 1618 2620 itti
1663 2566 1942 2621 iniunctae
1988 2567 2102 2635 fae-

534 2663 668 2718 rint.

604 2763 870 2831 Equidem
921 2764 1104 2831 magni
1155 2781 1369 2833 semper
1412 2763 1513 2819 feci
1562 2763 1841 2820 Societatis
1885 2772 2101 2819 nostrae

534 2861 844 2931 scriptoreS,
877 2863 1220 2931 arduumque
1269 2881 1385 2919 esse
1422 2882 1611 2919 eorum
1657 2863 1895 2918 officium
1933 2865 2100 2932 probe

534 2963 679 3017 novi.
729 2964 987 3031 idemque
1042 2971 1251 3018 constat
1306 2982 1420 3019 esse
1469 2982 1530 3019 ex
1581 2963 1882 3033 praecipuis
1926 2963 2102 3019 Socie-

537 3065 659 3122 tatis
703 3064 1038 3133 muneribUS,
1086 3083 1224 3134 quae
1262 3066 1327 3120 ad
1372 3065 1604 3133 gloriam
1649 3065 1760 3132 Dei,
1815 3065 1879 3119 ad
1925 3064 2101 3119 homi-

534 3185 665 3222 num
727 3168 974 3234 salutem,
1016 3166 1081 3221 ad
1126 3167 1614 3222 commendandam
1668 3164 2006 3232 Societatem,
2054 3165 2098 3219 si

536 3269 657 3335 rite,
711 3275 768 3323 ut
812 3285 909 3336 par
963 3274 1060 3334 est,
1108 3268 1437 3335 expleantur,
1489 3268 1663 3322 valent
1713 3282 1876 3335 quam
1933 3265 2099 3335 pluri-
