2315 3559
526 229 627 287 212
699 249 949 290 EPISTOLA
985 250 1036 291 R.
1080 251 1127 290 P.
1169 253 1221 291 N.
1263 252 1382 291 ANT.
1434 251 1557 292 MAR.
1607 253 1915 293 ANDERLEDY

524 409 624 448 nae
666 411 826 450 causa
864 404 1026 465 atque
1069 397 1318 466 exempli,
1349 398 1494 467 quod
1534 405 1717 452 manat
1753 399 1820 452 ad
1859 399 2090 454 aliorum

524 491 786 550 damnum
830 513 937 551 non
988 498 1103 551 leve
1155 498 1235 551 vel
1286 498 1353 552 ad
1393 497 1567 566 ipsam
1612 497 1926 567 perniciem.

593 593 801 662 Lugent
842 596 1088 651 nonnulli
1133 604 1185 651 et
1222 597 1500 666 lugebunt,
1544 599 1690 667 quod
1730 600 1973 666 regulam
2025 599 2091 654 de

522 695 668 750 socio
725 697 908 764 magni
964 714 1072 751 non
1128 697 1369 753 fecerint.
1417 700 1668 754 Asserere
1718 717 1827 754 non
1877 699 2086 768 dubito,

521 812 641 851 eam
692 796 902 865 insigne
952 814 1068 853 esse
1105 798 1267 853 decus
1312 798 1526 854 Ordinis
1577 808 1692 854 tum
1737 799 1926 868 nostri,
1973 808 2089 855 tum

520 899 772 966 aliorum,
849 914 1085 967 quorum
1157 898 1225 953 ad
1297 899 1514 954 laudem
1588 900 1832 954 nonnulli
1905 907 1958 955 et
2022 901 2089 956 ad

520 1000 825 1068 exemplum
881 1016 1000 1054 eam
1059 1006 1291 1054 servant.
1346 999 1418 1067 Si,
1472 1001 1618 1069 quod
1674 1000 1812 1055 Deus
1862 1008 2085 1067 avertat,

519 1100 656 1154 hanc
712 1100 887 1165 legem
944 1100 1155 1154 tolleret
1209 1098 1502 1166 aliquando
1553 1099 1761 1154 incuria
1807 1101 1887 1155 vel
1939 1099 2090 1166 igno-

517 1198 711 1266 rantia,
742 1198 1090 1253 obscuratum
1129 1199 1437 1254 doleremus
1475 1199 1876 1254 nobilissimum
1915 1198 2090 1254 Socie-

517 1299 640 1353 tatis
685 1306 900 1353 nostrae
945 1299 1310 1367 splendorem,
1359 1300 1557 1354 damno
1602 1307 1786 1354 nostro
1833 1316 1940 1354 non
1984 1300 2088 1354 levi

516 1417 577 1454 ac
632 1399 915 1468 dedecore,
976 1399 1104 1454 mali
1166 1407 1348 1454 autem
1405 1399 1685 1454 daemonis
1737 1399 2088 1455 exsultatione

517 1498 842 1555 incredibili.

584 1600 758 1666 Quare
797 1617 892 1656 vos
930 1617 1063 1667 rogo
1096 1608 1258 1669 atque
1286 1600 1544 1669 obtestor,
1575 1600 1875 1655 Reverendi
1904 1600 2087 1655 Patres

514 1719 575 1756 ac
614 1701 826 1757 Fratres
864 1701 920 1755 in
958 1701 1170 1756 Christo
1209 1701 1495 1770 carissimi,
1537 1701 1703 1756 nolite
1745 1701 2086 1757 committere

514 1810 574 1857 ut
628 1803 749 1869 hoc,
810 1801 957 1871 quod
1002 1801 1140 1856 Deus
1186 1801 1300 1870 ipse
1349 1801 1601 1856 Societati
1646 1820 1773 1857 suae
1829 1802 2085 1870 elargitus

514 1910 594 1958 est
632 1903 836 1958 donum
888 1911 1379 1971 ornamentumque
1417 1902 1800 1970 clarissimum,
1833 1904 1913 1958 vel
1953 1903 2087 1958 inte-

514 2011 629 2059 reat
666 2021 931 2072 umquam
970 2005 1053 2058 vel
1093 2004 1411 2058 obsolescat.

187 2103 425 2204 visleglum
581 2103 666 2160 43.
716 2104 780 2158 Et
818 2105 948 2159 haec
993 2103 1235 2173 quidem,
1284 2122 1423 2172 quae
1467 2104 1533 2158 de
1578 2104 1777 2158 summi
1822 2103 2084 2159 momenti

141 2166 470 2278 ῗθέῗὲὲῗίὴῖῗι
513 2206 700 2273 regula
757 2205 885 2274 dixi,
945 2205 1001 2260 in
1050 2213 1219 2260 totam
1282 2205 1519 2260 Instituti
1574 2204 1841 2260 rationem
1901 2204 2084 2273 aliquo

158 2276 449 2325 1ur1sn0str1‚
514 2306 678 2362 modo
727 2305 1073 2362 conveniunt.
1136 2305 1271 2360 Illud
1321 2313 1502 2361 autem
1554 2305 1609 2359 in
1653 2305 1844 2373 primis
1900 2304 2084 2360 animo

511 2406 684 2461 teneri
723 2413 953 2475 oportet,
985 2405 1095 2460 vim
1139 2406 1358 2473 regulae
1407 2422 1516 2460 non
1563 2405 1630 2459 ab
1675 2404 1949 2474 exemplis,
1989 2405 2081 2459 sed

510 2525 542 2562 a
586 2506 824 2562 fontibus
869 2506 1002 2561 iuris
1048 2524 1163 2562 esse
1212 2507 1579 2575 repetendam.
1635 2506 1888 2575 Exempla
1937 2505 2082 2561 enim

511 2607 775 2676 virorum,
799 2606 964 2662 etiam
991 2606 1363 2676 praeditorum
1394 2606 1607 2674 virtute,
1632 2607 1776 2674 leges
1801 2623 1910 2660 non
1936 2613 2078 2660 sunt.

512 2708 713 2762 Docent
767 2708 1009 2776 exempla
1059 2706 1192 2775 quid
1237 2706 1350 2775 fiat,
1403 2708 1546 2774 leges
1603 2723 1730 2761 vero
1780 2705 1912 2774 quid
1962 2705 2081 2760 fieri

512 2808 722 2863 debeat.
754 2807 911 2863 Varia
950 2815 1074 2862 sunt
1111 2809 1353 2876 exempla
1392 2816 1444 2862 et
1480 2807 1689 2875 legibus
1728 2824 1887 2875 saepe
1925 2806 2082 2861 dissi-

513 2909 681 2978 milia,
739 2917 974 2977 nataque
1040 2926 1148 2963 non
1209 2926 1331 2964 raro
1393 2926 1452 2964 ex
1508 2910 1689 2976 legum
1751 2907 2075 2975 ignorantia.

512 3011 719 3065 Harum
757 3008 996 3076 cognitio
1042 3007 1342 3064 haurienda
1379 3016 1460 3064 est
1497 3025 1558 3063 ex
1596 3006 2079 3063 Constitutionihus

513 3111 594 3165 vel
638 3108 832 3164 litteris
874 3107 1214 3176 ApostoliciS,
1267 3126 1329 3163 ex
1373 3106 1856 3163 Constitutionihus
1901 3105 2078 3160 Sancti

512 3207 834 3265 Fundatoris
877 3206 1068 3275 nostri,
1109 3224 1171 3262 ex
1213 3206 1704 3276 Congregationum
1742 3203 2076 3272 generalium
