2315 3559
546 228 594 266 R.
638 227 684 265 P.
725 227 777 264 N.
820 225 1031 263 IOANNJS
1071 224 1345 263 RoornAAN
1625 208 1723 263 387

276 371 558 415 incitamenta
595 384 604 414 ε
642 371 684 413 1⁰
714 369 1068 414 adversariorum
1101 367 1469 412 recrudescentes
1499 367 1727 421 impugna-

280 456 444 509 tiones3
486 455 530 499 2⁰
562 455 736 510 piorum
776 454 1001 498 hominum
1037 467 1086 498 ac
1121 452 1236 497 bene
1271 453 1315 496 in
1350 466 1432 496 nos
1469 452 1725 496 affectorum

278 541 478 584 voluntas
500 545 543 584 et
562 553 710 592 amor3
729 539 773 583 3⁰
789 538 1010 583 Ecclesiae
1028 538 1331 591 necessitates,
1350 543 1393 581 et
1410 550 1511 591 spes
1529 536 1581 580 de
1601 536 1728 580 nobis

276 632 531 680 conceptae,
552 625 775 679 expositae
797 638 821 667 a
844 624 916 668 Pio
940 624 1012 668 Vll
1033 624 1077 667 in
1095 623 1212 667 bulla
1233 622 1540 666 restitutionis.

166 711 306 755 2225.
340 710 663 766 Exspectationi
685 709 1018 762 satisfaciemus,
1043 709 1078 753 si
1095 715 1196 763 apta
1219 717 1298 752 nos
1315 707 1551 751 reddamus
1568 707 1729 750 instru-

276 796 484 841 mentain
497 810 630 840 manu
646 795 738 849 Dei,
763 809 875 849 quae
898 795 1133 838 similitudo
1155 794 1436 838 instrumenti
1459 792 1641 847 propria
1663 798 1731 836 est

277 881 318 926 S.
344 882 388 925 P.
409 881 457 924 N.
477 880 676 925 docentis
698 880 859 934 quihus
880 880 1035 924 mediis
1055 894 1134 924 nos
1157 879 1442 934 disponamus
1465 892 1570 932 erga
1592 878 1729 921 Deum

278 972 321 1011 et
348 966 611 1021 proximum,
644 965 884 1010 excolendo
916 970 1096 1009 strenue
1119 965 1281 1008 talenta
1302 970 1468 1018 nostra,
1492 963 1568 1007 sed
1590 962 1730 1006 maius

277 1057 547 1095 momentum
564 1051 771 1105 ponendo
789 1050 832 1094 in
856 1050 988 1094 rebus
1011 1049 1326 1104 spiritualibus.

168 1135 308 1180 26-31.
340 1136 465 1180 Tales
487 1141 535 1180 ut
556 1135 707 1190 simus,
722 1135 967 1180 insistendo
989 1135 1031 1179 in
1056 1135 1208 1179 eadem
1232 1133 1531 1188 similitudine,
1545 1146 1730 1187 praepa-

277 1222 493 1266 rationem
533 1221 815 1266 instrumenti
856 1220 1014 1265 efficiat
1052 1219 1355 1273 mortificatio;
1402 1233 1530 1263 usum
1571 1218 1731 1273 dirigat

280 1307 584 1361 oboedientia,
617 1308 808 1351 fructum
829 1306 1005 1360 colligat
1025 1312 1069 1350 et
1089 1311 1237 1350 servet
1265 1304 1501 1359 humilitas,
1530 1304 1729 1358 exemplo

281 1393 457 1437 Patrum
479 1399 751 1438 nostrorum.

169 1477 310 1522 32-33.
342 1478 542 1533 Denique
560 1492 662 1533 spes
684 1483 836 1522 nostra
857 1477 912 1522 sit
933 1478 977 1521 in
999 1477 1092 1521 solo
1116 1476 1223 1521 Deo,
1246 1475 1498 1521 Conclusio.

171 1656 254 1710 Vl.
297 1672 363 1709 AD
402 1671 595 1709 PATREs
634 1671 696 1708 ET
734 1670 965 1708 FRATRES
1003 1667 1317 1721 SOCIETATIS,
1355 1652 1420 1707 029
1459 1653 1564 1707 ian.
1595 1651 1732 1708 ‘1845

427 1776 503 1830 De
526 1775 806 1830 Societatis
829 1791 1114 1842 progyressu
1139 1780 1189 1828 et
1206 1774 1472 1841 periculis

605 1895 776 1963 (Tom.
808 1895 873 1963 II,
904 1912 992 1963 pp.
1023 1893 1297 1961 423-443.)

201 2046 284 2091 1-3.
318 2046 544 2102 Scripturo
576 2046 630 2090 de
660 2045 888 2091 Societatis
919 2059 1164 2100 progressu
1195 2050 1237 2088 et
1266 2044 1476 2098 periculis
1506 2043 1603 2098 ipsa
1637 2043 1731 2087 eius

281 2133 556 2177 incrementa
603 2145 699 2176 eam
749 2131 1086 2176 sollicitudinem
1137 2136 1304 2182 creant,
1348 2144 1479 2184 quam
1528 2129 1732 2174 omnibus

282 2218 420 2263 Sociis
441 2232 720 2262 communem
738 2231 838 2262 esse
854 2217 988 2271 cupit.

201 2305 285 2349 4-6.
318 2305 455 2348 Tanta
484 2304 601 2348 enim
631 2304 702 2348 illa
733 2310 849 2356 sunt,
872 2309 920 2347 ut
942 2317 993 2347 ex
1013 2303 1121 2357 ipsis
1144 2302 1312 2346 oriatur
1331 2302 1464 2346 timor
1482 2301 1729 2356 multiplex3

284 2391 451 2435 scilicet
474 2405 483 2434 :
502 2391 545 2433 1⁰
565 2389 627 2434 Ne
649 2389 744 2434 sine
766 2389 939 2433 delectu
960 2387 1246 2432 admittantur
1266 2387 1484 2432 candidati
1507 2387 1575 2431 vel
1595 2385 1733 2440 inepti

283 2476 353 2520 vel
382 2475 551 2530 indigni
581 2490 680 2519 cum
711 2488 881 2519 summo
913 2474 1178 2518 detrimento
1209 2479 1300 2517 tum
1331 2473 1575 2527 Societatis,
1614 2472 1732 2526 quod

282 2562 521 2618 praecipue
542 2561 706 2606 nostris
727 2561 970 2605 cavendum
989 2574 1000 2614 ;
1033 2566 1124 2605 tum
1145 2560 1319 2604 illorum
1340 2559 1553 2614 ipsorum,
1575 2559 1649 2613 qui
1671 2559 1732 2604 sic

284 2649 587 2694 admittuntur.

203 2734 287 2779 7-8.
317 2734 361 2778 2⁰
376 2734 438 2778 Ne
454 2733 508 2777 ad
522 2746 710 2776 munera
725 2732 952 2776 Societatis
969 2732 1264 2776 adhibeantur
1279 2731 1419 2776 nostri
1434 2745 1522 2775 non
1540 2731 1730 2784 formati,

284 2826 332 2865 ut
352 2820 436 2864 iam
457 2820 646 2863 fortasse
666 2832 827 2872 magno
850 2832 948 2862 cum
970 2818 1197 2863 Societatis
1219 2818 1379 2862 damno
1401 2816 1582 2869 accidit3
1606 2830 1732 2871 repa-

284 2906 411 2950 rabili
432 2912 596 2959 tamen,
615 2904 666 2958 si,
691 2904 766 2959 qui
783 2905 891 2949 tales
914 2910 1030 2958 sunt,
1056 2919 1103 2949 se
1124 2905 1208 2959 ipsi
1226 2904 1430 2949 excitent.

175 2992 288 3036 9-16.
321 2991 365 3035 30
394 2991 455 3035 Ne
476 2991 520 3035 in
542 2991 802 3035 Societatem
824 2991 1015 3034 introeat
1031 2990 1211 3045 spiritus
1227 2990 1441 3034 libertatis
1462 2995 1506 3032 et
1520 2989 1731 3043 indepen-

286 3077 475 3131 dentiae‚
494 3090 518 3120 a
532 3082 758 3131 postrema
773 3076 1124 3130 Congregatione
1140 3076 1336 3130 generali
1352 3081 1544 3128 notatus,
1556 3074 1630 3128 qui
1646 3074 1730 3118 iam

286 3165 331 3210 in
351 3165 516 3210 mundo
538 3163 607 3208 vel
628 3177 653 3208 a
673 3164 863 3219 pueritia
892 3177 1046 3208 omnes
1073 3164 1222 3217 inficit,
1246 3163 1291 3207 in
1313 3162 1437 3207 cuius
1457 3175 1565 3206 aura
1585 3167 1629 3206 et
1649 3175 1730 3206 nos
