2315 3559
1708 209 1769 220 »ν’

941 225 1050 263 Mon
1675 210 1771 264 400

271 371 677 424 MORTIPICA'I'IO,
719 378 939 423 tamquam
979 373 1299 413 firmamentum
1342 370 1551 412 orationis
1587 371 1636 419 (l,
1671 370 1767 415 441)

215 457 376 501 format
404 458 624 501 hominem
656 457 881 501 Societatis
913 457 1183 508 interiorem,
1210 463 1464 509 surgentem
1487 468 1542 499 ιη’
1572 457 1768 499 >mortuis

216 542 269 585 ad
292 541 428 586 Deum
449 543 500 596 (I,
523 542 616 586 436.
636 542 696 588 Cf.
717 542 748 596 Ι,
766 541 904 592 69-71,
925 542 1036 595 447),
1059 555 1203 595 neque
1224 540 1355 585 ullam
1376 540 1455 584 hac
1474 540 1767 584 efficaciorem

215 628 430 671 rationem
465 627 768 681 assequendae
802 628 1010 681 propriae
1044 626 1330 682 perfectionis
1365 625 1690 669 commendavit
1724 625 1765 669 S.

216 712 260 756 P.
285 712 333 756 N.
353 714 403 765 (Ι,
422 712 533 766 249),
554 713 678 756 cuius
698 713 910 766 frequens
932 720 1026 757 erat
1045 719 1332 767 praeceptum
1353 711 1546 765 Angelos
1566 711 1611 754 in
1633 709 1768 754 rebus

214 799 396 853 agendis
426 799 659 844 imitandos
681 813 779 843 esse
801 801 849 852 (Ι,
870 799 982 853 437).
1006 799 1268 854 praesertim
1302 797 1419 852 quod
1447 797 1628 841 mixtum
1650 797 1764 841 vitae

212 891 389 929 nostrae
411 899 551 938 genus
571 885 737 928 homini
758 899 847 928 non
880 885 1139 929 mortificato
1171 885 1270 939 plus
1302 897 1466 928 nocere
1500 896 1630 937 quam
1663 896 1765 937 pro·

213 969 341 1013 desse
364 969 475 1013 solet
495 968 628 1022 (1‚58,
652 969 745 1021 127,
774 969 862 1013 128.
889 970 950 1014 of.
976 969 1047 1021 ΙΙΙ,
1072 970 1139 1022 60,
1169 968 1259 1024 136,
1284 967 1395 1022 137).

267 1052 394 1097 Varia
425 1060 492 1097 est
523 1059 566 1097 et
593 1054 819 1108 multiplex
843 1069 852 1098 :
881 1061 1062 1098 externa
1089 1061 1132 1098 et
1161 1054 1336 1098 interna
1367 1054 1418 1107 (I,
1442 1053 1540 1107 259)
1566 1067 1574 1096 :
1599 1053 1762 1107 carnis,

212 1153 436 1193 sensuum,
461 1140 755 1191 affectionum,
775 1141 1028 1185 facultatum
1050 1142 1100 1193 (Ι,
1123 1141 1236 1193 441).

266 1228 308 1269 1⁰
337 1226 553 1270 Externae
574 1227 876 1271 afflictationes
898 1227 1043 1270 carnis
1064 1226 1399 1281 praecipiuntur
1419 1225 1541 1269 velut
1569 1225 1765 1269 subsidia

211 1312 396 1366 viaeque
417 1312 470 1356 ad
491 1313 811 1367 perfectionem
832 1313 884 1367 (Ι,
907 1314 1018 1366 441).
1045 1313 1164 1357 Licet
1192 1313 1309 1357 enim
1331 1325 1420 1356 non
1443 1312 1530 1356 sint
1548 1311 1645 1366 ipsa
1664 1325 1765 1366 per-

209 1397 354 1448 fectio,
392 1398 444 1442 iis
483 1404 630 1442 tamen
668 1398 823 1442 mediis
863 1399 916 1442 ad
955 1399 1275 1453 perfectionem
1314 1398 1377 1442 uti
1413 1396 1640 1450 dehemus,
1675 1411 1764 1441 non

210 1497 338 1527 secus
365 1496 415 1527 ac
447 1483 632 1527 aliorum
664 1484 866 1527 ordinum
900 1484 1107 1538 Religiosi
1134 1485 1184 1537 (Ι,
1209 1483 1322 1537 265),
1348 1498 1448 1528 cum
1480 1497 1631 1527 earum
1653 1497 1760 1527 usus

208 1567 445 1622 plurimum
476 1568 608 1619 iuvet,
638 1569 843 1612 meritum
877 1575 1035 1622 augeat
1064 1569 1114 1621 (I,
1135 1568 1247 1620 261),
1273 1581 1355 1611 nec
1389 1567 1530 1611 solum
1564 1566 1766 1610 conferat

209 1653 262 1696 ad
283 1654 485 1707 corporis
513 1654 756 1698 castitatem
784 1653 1134 1697 conservandam
1155 1652 1246 1706 (ΙΙΙ,
1270 1653 1356 1706 65),
1382 1652 1459 1696 sed
1481 1651 1534 1695 ad
1561 1657 1764 1695 sescenta

206 1739 303 1792 alia,
326 1739 585 1793 fructusque
612 1738 861 1783 uberrimos
882 1739 926 1782 in
951 1739 1157 1782 virtutum
1181 1738 1323 1782 studio
1352 1737 1570 1792 producat
1590 1737 1642 1790 (l,
1665 1736 1760 1789 261,

205 1823 299 1868 262.
331 1823 391 1868 Cf.
417 1824 488 1877 ΙΙΙ,
514 1824 607 1878 125,
632 1824 741 1877 126),
762 1823 998 1867 dummodo
1031 1823 1075 1866 in
1107 1823 1173 1867 his
1204 1823 1391 1867 vitemus
1425 1835 1654 1866 excessum
1689 1821 1764 1875 qui

205 1924 337 1965 saepe
367 1910 421 1954 ad
448 1910 665 1955 laxitatem
695 1910 814 1954 ducit
835 1916 878 1954 et
897 1910 1065 1954 maiora
1096 1909 1213 1953 hona
1240 1908 1423 1963 impedit
1444 1908 1494 1961 (Ι,
1519 1907 1614 1952 260.
1640 1906 1704 1951 Cf.
1729 1907 1761 1960 I,

204 1995 288 2049 13).
312 1996 407 2040 Non
429 1996 632 2040 omnibus
653 1996 859 2050 aequales
882 2010 980 2040 esse
1002 1995 1166 2039 debent
1186 1994 1235 2048 (l,
1257 1994 1350 2046 249,
1372 1994 1465 2038 259.
1486 1994 1547 2038 Cf.
1570 1995 1642 2046 ΙΙΙ,
1663 1993 1759 2047 66);

204 2081 281 2125 sed
301 2081 598 2126 moderandae
620 2096 671 2126 ex
701 2082 788 2126 fine
815 2081 1061 2135 mediisque
1093 2081 1320 2125 Societatis
1343 2087 1386 2124 et
1407 2079 1556 2123 verbis
1591 2078 1761 2123 Consti·

201 2168 419 2212 tutionum
443 2169 494 2222 (I,
518 2168 630 2222 263).
655 2168 750 2212 Non
784 2182 891 2222 ergo
925 2167 1083 2212 sufficit
1112 2167 1239 2211 nobis
1272 2167 1447 2210 interna
1480 2165 1758 2210 mortificatio

201 2253 250 2304 (Ι,
270 2252 382 2307 262),
407 2267 554 2307 neque
586 2253 865 2307 singularitas
898 2252 1121 2296 censenda
1142 2259 1208 2296 est
1230 2258 1433 2295 externas
1461 2250 1756 2305 paenitentias

198 2338 487 2392 frequentare
517 2339 565 2391 (I,
595 2338 706 2392 264).
742 2338 853 2390 Quin
884 2337 1016 2382 immo
1057 2344 1178 2381 recte
1218 2336 1430 2391 Superior
1471 2335 1671 2380 subditos
1706 2334 1760 2378 ad

198 2423 350 2477 plures
380 2423 637 2467 adhortatur
667 2437 797 2477 quam
828 2423 982 2477 regula
1011 2423 1133 2467 iubet
1163 2423 1213 2475 (Ι,
1238 2422 1332 2475 265,
1366 2421 1460 2475 266,
1494 2421 1588 2465 288.
1613 2421 1673 2465 Cf.
1699 2421 1751 2473 II,

199 2509 293 2553 455.
319 2510 390 2563 ΙΙΙ,
416 2510 506 2560 188,
530 2509 640 2563 189),
666 2523 778 2563 quae
800 2510 951 2563 paucis
980 2509 1252 2563 praestitutis
1281 2509 1334 2552 ad
1356 2508 1570 2563 ampliora
1597 2521 1758 2562 prope-

198 2595 385 2638 randum
408 2596 561 2639 suadet
576 2596 626 2648 (Ι,
646 2595 758 2648 267),
778 2602 869 2638 tum
887 2594 1182 2648 permittendo
1205 2594 1407 2648 corporis
1429 2594 1755 2647 castigationes,

198 2688 289 2725 tum
307 2681 527 2725 monendo
547 2695 601 2724 ne
633 2681 718 2724 sint
739 2680 1053 2724 immoderatae
1076 2694 1158 2724 nec
1179 2680 1444 2724 indiscretae
1462 2680 1511 2733 (I,
1527 2679 1622 2733 267,
1641 2679 1753 2732 268),

199 2766 351 2819 quales
372 2766 561 2810 fortasse
581 2766 761 2810 fuerunt
791 2772 891 2809 ante
923 2765 1122 2809 conditas
1154 2765 1330 2819 regulas
1351 2765 1402 2818 (Ι,
1426 2764 1520 2808 269.
1545 2764 1605 2809 Cf.
1631 2765 1662 2817 1,
1688 2765 1754 2818 12,

199 2851 284 2904 69),
305 2865 422 2895 nunc
444 2857 566 2895 certe
588 2865 677 2894 non
700 2858 801 2895 sunt
821 2852 871 2903 (Ι,
896 2851 1009 2905 270).

251 2937 295 2980 2Ο
324 2937 615 2980 Externorum
667 2950 877 2980 sensuum
917 2936 971 2979 ab
1014 2936 1132 2980 omni
1182 2936 1511 2980 inordinatione
1556 2935 1756 2979 custodia

198 3023 289 3075 (ΙΙΙ,
313 3021 382 3075 92)
405 3021 647 3065 secundum
670 3035 810 3075 genus
838 3021 1187 3065 mortificationis
1217 3028 1283 3064 est
1304 3023 1353 3073 (I,
1375 3020 1472 3073 442)
1498 3035 1506 3064 :
1532 3021 1654 3064 cuius
1684 3020 1751 3064 de-

197 3114 469 3151 monstratur
492 3107 732 3150 necessitas
760 3106 852 3159 (111,
876 3106 961 3159 67),
987 3107 1184 3150 defectus
1218 3113 1261 3150 et
1287 3106 1434 3160 praxis
1463 3106 1514 3159 (Ι,
1538 3106 1651 3159 442),
1675 3120 1757 3160 per

196 3191 451 3246 regularum
469 3190 710 3235 modestiae
733 3190 1088 3235 observationem
1111 3190 1201 3246 (ΙΙΙ,
1225 3190 1385 3244 68-70).
