2315 3559
338 234 404 270 DE
431 234 509 270 BE.
543 233 666 270 ΕΒΗ.
699 233 947 270 (ΙΑΜΡΙΑΝΙ
976 234 1038 270 ET
1065 233 1326 272 SOCIORUM
1357 236 1618 273 MARTYRIO
1690 221 1755 274 0¹ss

204 395 229 427 ³)
271 376 535 441 fructu...)
585 375 694 428 suis
750 376 1083 443 temporibus
1140 376 1479 430 Consultores
1538 378 1757 431 l'rovin-

203 494 227 527 ))
267 475 482 528 cialium
518 475 582 528 ad
621 475 990 542 Praepositum
1030 476 1341 529 Generalem
1381 476 1683 530 scribant».

266 574 393 627 Tota
438 582 603 627 exstat
642 574 946 640 InstructiO,
995 592 1132 641 quae
1177 582 1255 627 est
1299 575 1751 641 duodevicesima,

196 673 264 726 de
314 673 412 725 hoc
458 672 808 725 exsecutionis
836 680 1173 738 argumento,

266 772 465 825 Eadem
521 788 682 838 porro
739 779 881 824 sexta
941 770 1296 836 Congregatio
1354 785 1379 818 (<
1437 771 1751 838 plurimum,

200 890 224 924 ))
264 871 356 937 ait,
434 871 694 924 momenti
762 871 998 937 habebit,
1075 870 1118 923 si
1186 870 1496 938 Superiores
1571 888 1755 924 omnes

198 991 223 1023 ))
263 971 540 1026 Societatis
579 989 701 1024 cum
742 971 1051 1038 Praeposito
1090 971 1334 1025 Generali
1367 979 1417 1024 et
1444 970 1755 1038 Superiores

197 1090 222 1123 ))
262 1073 454 1125 locales
504 1089 624 1124 cum
671 1071 986 1124 Provinciali
1027 1072 1091 1125 ad
1133 1071 1528 1124 exsecutionem
1562 1088 1757 1135 urgen-

197 1189 222 1222 ))
264 1171 387 1223 dam
427 1170 762 1237 conspirent;
805 1170 878 1223 ita
909 1178 966 1222 ut
1001 1187 1186 1223 omnes
1226 1170 1555 1236 intellegant,
1586 1186 1754 1222 unum

196 1269 602 1335 »eundemque
664 1268 717 1321 in
779 1267 1041 1322 Societate
1097 1269 1339 1321 animum
1391 1286 1566 1322 esse...
1622 1268 1756 1321 Ean-

195 1368 493 1434 »demque
555 1367 1047 1434 conspirationnem
1111 1367 1165 1420 in
1227 1368 1468 1435 quolibet
1528 1369 1753 1434 collegio

195 1485 220 1518 ))
262 1467 433 1519 facere
472 1466 689 1519 deberet
728 1465 983 1533 Superior
1019 1484 1141 1519 cum
1181 1466 1289 1519 suis
1327 1466 1750 1533 Consultoribus,

195 1584 220 1617 w>
261 1565 630 1626 Admonitore,
687 1566 841 1619 Patre
898 1566 1164 1632 spirituali
1221 1574 1272 1619 et
1321 1566 1438 1619 aliis
1485 1566 1749 1633 Patribus,

196 1682 219 1715 ))
261 1663 353 1730 qui
398 1680 717 1730 promovere
779 1672 1002 1731 possunt
1062 1664 1455 1718 exsecutionem
1505 1682 1514 1717 :
1569 1664 1642 1717 ita
1697 1672 1754 1717 ut

194 1781 219 1814 ))
259 1762 403 1816 idem
454 1762 686 1815 sentiant
734 1770 786 1816 et
836 1761 1017 1815 dicant
1067 1780 1270 1816 omnes
1320 1762 1469 1825 Quod
1522 1763 1564 1816 si
1620 1764 1755 1816 anti-

193 1880 218 1913 ))
259 1862 476 1929 quiores
514 1861 682 1928 aliqui
711 1862 930 1929 obloqui
970 1862 1035 1915 de
1074 1862 1409 1916 exsecutione
1449 1862 1748 1929 videantur,

193 1978 218 2012 ))
259 1959 512 2013 monendi
548 1968 600 2013 et
636 1960 916 2014 coercendi
955 1968 1095 2026 sunt,
1128 1959 1171 2013 si
1207 1977 1339 2027 opus
1378 1961 1557 2027 fuerit,
1589 1960 1751 2013 etiam

192 2059 485 2126 »publicis
524 2059 885 2126 paenitentiis,
934 2077 1000 2113 ne
1039 2060 1170 2114 alios
1220 2060 1437 2113 turbent
1481 2068 1531 2113 et
1575 2060 1753 2114 insua-

192 2176 217 2209 ))
260 2175 378 2211 vem
423 2159 649 2212 reddant
700 2158 1111 2212 exsecutionem.
1163 2178 1189 2211 )>

255 2255 339 2309 42.
401 2257 539 2310 Haec
615 2257 670 2310 in
743 2257 1083 2323 generalibus
1159 2257 1436 2311 Societatis
1516 2257 1749 2310 comitiis

189 2354 458 2422 sapienter
495 2356 708 2409 decreta
745 2364 885 2422 sunt,
928 2364 1089 2423 atque
1128 2355 1219 2409 ubi
1269 2356 1334 2409 ab
1373 2356 1455 2409 his
1500 2373 1607 2409 non
1645 2355 1751 2409 dis-

188 2452 414 2519 ceditur,
456 2461 637 2507 sancta
682 2462 761 2507 est
798 2454 1124 2521 conspiratio
1163 2454 1489 2520 animorum,
1532 2461 1749 2506 mutuus

189 2569 360 2617 amor,
426 2552 558 2605 ordo
613 2560 663 2606 et
724 2553 1086 2620 tranquillitas
1148 2554 1412 2620 quaedam
1486 2552 1746 2613 caelestis,

189 2667 327 2717 quae
377 2657 500 2702 sunt
549 2651 919 2717 abnegationis
970 2651 1174 2704 fructus
1219 2658 1269 2704 et
1314 2668 1525 2718 pugnae
1563 2651 1751 2704 adver-

188 2766 277 2801 sus
352 2748 631 2816 proprium
700 2757 751 2803 et
824 2751 1159 2804 mundanum
1220 2766 1480 2817 amorem,
1546 2751 1748 2803 fructus

190 2846 455 2900 incruenti
511 2847 651 2901 illius
726 2849 986 2917 martyrii,
1063 2849 1207 2915 quod
1277 2849 1482 2916 optimo
1544 2849 1659 2902 iure
1720 2868 1748 2901 a

189 2945 343 2999 nobis
399 2946 633 3013 exposcit
687 2946 939 3001 Societas.
986 2947 1248 3001 Videntur
1297 2947 1518 3014 quidem
1569 2948 1747 3013 aliqua

189 3060 250 3097 ex
286 3043 370 3097 his
410 3044 922 3112 praescriptionibus
962 3045 1267 3111 severiora;
1316 3047 1407 3099 sed
1447 3045 1512 3098 iis
1551 3046 1743 3109 solum,

187 3142 233 3196 si
300 3143 392 3210 qui
455 3143 578 3210 sint,
650 3144 743 3211 qui
810 3144 1063 3212 opinione
1124 3144 1318 3198 imbuti
1379 3151 1741 3212 praepostera,

1884 388 1937 418 ib.
1955 396 1993 418 11.
2010 390 2043 419 6.

1848 780 1991 819 Congr.
2010 782 2075 812 VI.

1821 820 1994 853 (166Γ.;37.
2016 823 2040 852 1.
2063 824 2104 854 1¹.

1895 2272 2013 2333 Laeti
2068 2326 2076 2332 ·

1808 2334 2103 2370 exsecuuonis

1863 2382 2048 2425 fructus.

1821 3039 2004 3091 Quinam
2025 3039 2092 3083 his

1847 3093 2063 3137 fructibus

1880 3148 2038 3192 obesse

1857 3209 2057 3256 possent.
