2315 3559
487 225 591 280 470
1111 245 1207 283 POL
1230 260 1297 266 —
1325 246 1424 283 PRA

542 387 793 433 POLITICA
833 389 944 433 ratio
996 390 1289 443 gubernandi,
1332 397 1380 434 ut
1418 391 1594 435 inimica
1633 392 1852 445 Societati‚
1896 394 2048 438 sedulo

489 473 665 518 vitanda
685 481 753 519 est
772 475 823 530 (l,
844 475 1055 521 103-105).
1078 476 1256 520 Politica
1276 477 1436 531 agendi
1456 478 1584 530 ratio,
1608 484 1829 532 tamquam
1848 479 2051 524 immanis

487 559 618 603 belua
646 560 907 605 debellanda
935 562 986 614 (Ι,
1019 561 1114 613 378,
1137 561 1250 615 379),
1274 568 1366 606 tum
1397 563 1469 617 pia
1499 564 1839 609 conversatione
1869 565 1920 618 (Ι,
1952 564 2048 618 383,

486 644 601 700 384),
625 653 713 690 tum
736 646 944 691 fidelitate
966 647 1326 691 informationum
1350 648 1420 701 (ΙΙ,
1446 649 1539 701 154,
1560 650 1671 703 155).

543 731 747 776 Politicis
768 731 822 775 de
844 731 978 775 rebus
1002 731 1141 776 nostri
1173 745 1262 776 non
1293 739 1426 786 agant
1455 733 1547 786 (ΙΙΙ,
1570 733 1668 788 292)
1702 748 1711 778 :
1745 734 1834 778 vid.
1859 735 2052 792 Negotia

489 818 758 862 saecularia.

543 951 818 997 PONTIFEX
838 953 1101 998 MAXIMUS
1123 953 1174 1007 (Ι,
1195 953 1291 1008 146)
1317 968 1326 998 :
1350 954 1440 998 vid.
1464 956 1726 1011 Apostolica
1756 956 1912 1006 Sedes,
1932 956 2055 1001 Iuhi-

487 1040 654 1084 laeum.

542 1166 964 1215 PRAEGEP'I'ORES
985 1167 1056 1222 (ΙΙ,
1075 1167 1142 1212 29.
1168 1168 1238 1220 111,
1259 1168 1357 1223 274)
1383 1184 1392 1213 ;
1416 1169 1507 1213 vid.
1531 1170 1757 1226 Magistri.

542 1296 843 1340 PRAEFECTI
864 1296 1208 1341 denominantur
1228 1297 1448 1341 interdum
1472 1297 1734 1352 Superiores
1765 1298 1849 1353 ipsi
1879 1298 1930 1352 (Ι,
1953 1298 2049 1352 365,

487 1380 582 1426 367.
608 1381 659 1435 ΙΙ,
678 1381 719 1435 2,
738 1381 778 1437 3,
797 1382 837 1436 5,
864 1383 957 1433 189)
984 1398 993 1427 z
1017 1383 1107 1428 vid.
1134 1383 1415 1440 Superiores.

540 1470 767 1515 Praefecti
805 1485 956 1515 rerum
997 1472 1290 1526 spiritualium
1326 1472 1546 1526 eligantur
1586 1486 1716 1527 quam
1758 1473 1971 1527 aptissimi
2007 1472 2051 1516 in

486 1554 689 1610 Collegiis
711 1562 755 1600 et
773 1556 1015 1611 praecipue
1045 1557 1089 1601 in
1112 1557 1367 1601 Seminariis
1390 1565 1645 1602 nostrorum
1669 1557 1719 1612 (I,
1744 1558 1839 1612 191,
1864 1557 1956 1602 192.
1982 1557 2050 1611 IV,

488 1642 581 1686 162.
605 1642 667 1687 Cf.
700 1643 752 1696 11,
775 1642 889 1698 311).
922 1643 1085 1688 Eorum
1117 1645 1201 1688 erit
1230 1645 1471 1699 praecipue
1502 1645 1816 1699 Superioribus
1847 1645 2052 1690 auxilium

486 1730 604 1774 ferre
626 1729 671 1773 in
692 1730 936 1774 formandis
957 1730 1204 1775 iunioribus
1225 1731 1316 1784 (III,
1343 1731 1454 1785 155).
1492 1731 1774 1775 Permittatur
1795 1731 1848 1775 iis
1876 1738 2052 1786 tempus

487 1829 574 1869 quo
597 1830 695 1860 cum
726 1816 888 1860 nostris
910 1817 1141 1861 commode
1166 1824 1354 1861 tractare
1383 1818 1572 1872 possint,
1598 1818 1928 1872 auctoritasque
1950 1831 2055 1861 con-

488 1908 692 1945 servetur
712 1902 763 1955 (Ι,
792 1901 899 1956 192).
924 1901 982 1946 Ut
995 1902 1193 1946 muneris
1216 1903 1282 1947 sui
1303 1909 1453 1957 partes
1475 1916 1635 1956 magna
1657 1917 1756 1947 cum
1777 1903 2054 1957 perfectione

488 1987 699 2041 impleant
728 1987 818 2039 (111,
858 1988 968 2042 156),
1003 1989 1340 2032 commendatur
1373 1989 1481 2043 ipsis
1517 1988 1645 2032 lectio
1681 1988 2051 2032 Constitutionum

488 2074 528 2118 S.
550 2073 595 2117 P.
616 2073 683 2128 N„
702 2080 786 2118 etc.
810 2074 881 2127 (Il,
905 2074 1000 2129 418,
1019 2075 1132 2129 419),
1156 2075 1351 2129 itemque
1368 2089 1474 2119 usus
1490 2075 1717 2118 familiaris
1734 2075 2052 2118 Exercitiorum

489 2159 780 2213 spiritualmm
815 2160 886 2214 (Π,
920 2160 1036 2214 377),
1073 2167 1121 2204 ut
1156 2168 1333 2204 nostros
1365 2161 1574 2205 adiuvare
1604 2161 1779 2215 possint
1807 2161 1850 2204 in
1873 2161 2054 2204 medita-

488 2246 621 2290 tionis
644 2247 821 2300 negotio
844 2246 894 2299 (Ι,
919 2246 1004 2300 85).

548 2332 842 2376 promoveant
890 2332 1054 2376 cultum
1099 2332 1168 2377 SS.
1213 2332 1513 2377 Eucharistiae
1549 2332 1600 2387 (l,
1643 2331 1757 2387 337),
1799 2339 1842 2377 et
1881 2333 2058 2386 exigant

490 2419 705 2462 rationem
729 2419 1027 2463 conscientiae
1049 2419 1121 2473 (ΙΙ,
1141 2420 1254 2473 160),
1272 2420 1324 2463 ad
1344 2419 1460 2473 quod
1478 2419 1705 2463 fructuose
1721 2419 2053 2474 praestandum,

493 2512 702 2559 quattuor
723 2506 765 2548 in
788 2506 840 2549 iis
863 2506 988 2549 dotes
1011 2507 1236 2550 emineant
1258 2520 1441 2550 necesse
1465 2512 1532 2550 est
1550 2506 1622 2559 (11,
1638 2505 1723 2558 36).

548 2592 608 2636 lle
630 2592 880 2637 Praefectis
903 2592 1190 2636 ecclesiarum
1222 2592 1368 2645 agitur
1388 2592 1437 2645 (Ι,
1458 2591 1553 2646 335,
1577 2591 1698 2645 383);
1732 2592 1785 2635 de
1807 2592 2057 2637 Praefectis

494 2677 738 2721 studiorum
761 2677 832 2730 (ll,
856 2677 951 2720 311.
977 2677 1047 2728 ΙΙΙ,
1082 2677 1202 2731 306);
1236 2678 1289 2721 de
1317 2677 1568 2723 Praefectis
1599 2677 1853 2721 contionum
1885 2677 1936 2730 (Ι,
1960 2676 2055 2729 352,

492 2762 588 2817 357,
607 2762 720 2815 358).

549 2899 829 2943 PRAELATI
862 2898 914 2951 (1,
946 2897 1044 2951 228)
1075 2904 1117 2941 et
1141 2897 1371 2942 Praesules
1407 2897 1630 2941 Ecclesiae
1661 2896 1732 2950 (11,
1774 2895 1872 2949 459)
1916 2910 1924 2940 :
1962 2896 2053 2940 vid.

494 2987 716 3043 Episcopi.

549 3111 896 3156 PRAESENTIA
916 3111 1019 3164 DEI,
1041 3110 1165 3154 cuius
1182 3111 1435 3165 magisterio
1454 3111 1667 3155 docemur
1682 3123 1815 3163 agere
1830 3108 2058 3152 moderate

495 3198 546 3252 (l,
570 3198 684 3252 443),
708 3197 820 3242 solet
839 3203 960 3241 tanto
991 3196 1158 3240 maiore
1188 3197 1316 3251 copia
1336 3197 1506 3241 divinas
1527 3195 1854 3241 consolationes
1875 3207 2056 3249 augere,
