2315 3559
632 213 681 250 R.
726 213 772 250 P.
815 213 867 250 N.
909 213 1028 251 LUD.
1072 213 1270 252 MARTIN
1630 199 1719 253 411

233 392 240 400 .
285 357 538 401 Immineret
568 362 712 401 autem
744 356 887 410 ruina,
912 356 947 401 si
975 357 1245 402 mundanum
1277 357 1490 403 libertatis
1513 365 1555 403 et
1578 373 1730 414 super-

284 441 382 486 biae
404 442 605 496 spiritum
627 441 972 486 admitteremus.

235 562 242 570 .
285 527 371 571 Nec
393 527 538 572 minus
566 528 762 571 imminet
794 527 1055 581 periculum,
1081 529 1131 582 si,
1156 529 1209 573 de
1232 528 1359 573 nobis
1391 529 1498 583 ipsis
1530 529 1730 581 modesti,

285 612 339 657 de
361 613 576 657 Societate
599 612 906 667 superbiamus
932 628 941 656 :

284 699 368 742 Aut
389 697 444 742 ob
466 697 621 742 falsum
654 697 768 742 illius
801 711 996 743 amorem
1031 705 1253 743 sectemur
1284 699 1486 754 speciosa
1516 699 1560 743 in
1593 700 1730 744 oculis

283 783 450 827 mundi.

283 870 426 922 Quare
447 869 490 913 in
514 869 732 922 omnibus,
753 876 795 914 et
811 870 1097 916 interioribus
1119 876 1162 915 et
1183 870 1493 925 exterioribus,
1511 871 1731 916 humilitas

282 955 527 999 exhibenda
548 961 628 999 est.

281 1040 420 1084 Verus
443 1040 670 1085 Societatis
702 1054 826 1085 amor
857 1042 1058 1086 consistit
1088 1042 1341 1096 regularum
1374 1042 1572 1086 custodia
1593 1048 1636 1087 et
1654 1043 1731 1086 im-

280 1140 420 1181 penso
444 1126 586 1170 studio
610 1127 749 1171 nostri
770 1127 868 1171 finis
891 1127 1173 1182 assequendi.

229 1249 237 1256 .
281 1212 344 1256 Ita
377 1212 497 1256 illum
533 1219 770 1257 senserunt
801 1213 840 1257 S.
867 1213 996 1257 Pater
1029 1213 1202 1267 Noster,
1238 1219 1281 1258 et
1313 1227 1466 1258 omnes
1502 1214 1647 1258 Sancti
1681 1228 1730 1257 ac

281 1297 400 1341 Beati
421 1297 582 1342 fratres
604 1298 759 1342 nostri.

229 1420 236 1427 .
281 1383 560 1428 Praeclarum
582 1384 828 1438 exemplum
850 1385 1084 1428 Beatorum
1102 1384 1320 1439 Rodulphi
1341 1385 1579 1439 Aquaviva,
1600 1386 1731 1429 Anto-

280 1469 340 1513 nii
362 1469 613 1514 Baldinucci
635 1476 677 1514 et
693 1470 953 1514 Bernardini
971 1470 1150 1515 Realino
1173 1470 1430 1515 imitandum
1447 1471 1728 1525 proponitur.

283 1655 347 1709 ΙΙ.
389 1671 455 1709 AD
484 1671 856 1710 PROVINCIALES
883 1672 1199 1723 sommum,
1229 1657 1254 1711 1
1288 1656 1468 1711 martii
1495 1656 1631 1712 1900

267 1802 378 1870 Quo
404 1805 583 1858 studio
612 1806 871 1859 tradenda
897 1805 1011 1858 sint
1035 1805 1290 1858 eoeercitia
1316 1805 1638 1872 spiritualia

703 1902 760 1958 S.
790 1904 856 1957 P.
887 1903 953 1958 N.
983 1902 1196 1971 Iyncztii

603 2040 774 2106 (Tom.
806 2040 889 2108 IV,
920 2058 1008 2109 pp.
1038 2039 1289 2108 333-336)

334 2221 577 2267 Occasione
619 2221 882 2266 Litterarum
922 2221 1273 2276 Apostolicarum
1318 2221 1480 2276 quibus
1516 2222 1602 2266 Leo
1637 2222 1732 2266 XIII

277 2306 480 2351 laudibus
511 2307 799 2361 prosequitur
837 2313 928 2351 tum
964 2307 1061 2362 ipsa
1094 2307 1135 2351 S.
1160 2308 1316 2361 Ignatii
1352 2308 1568 2352 Exercitia
1601 2308 1733 2363 Spiri-

277 2392 424 2446 tualia,
455 2398 547 2437 tum
583 2392 838 2437 Provincias
872 2393 966 2437 illas
1003 2407 1115 2447 quae
1152 2394 1306 2438 domos
1342 2393 1652 2438 exercitiorum
1687 2395 1732 2438 in

279 2478 463 2532 gratiam
495 2479 802 2533 operariorum
834 2478 1174 2523 christianorum
1207 2486 1459 2532 erexerunt,
1492 2480 1731 2534 plurimum

279 2564 613 2608 commendatur
634 2564 824 2608 studium
844 2564 1094 2618 impensum
1112 2570 1154 2608 et
1170 2564 1425 2609 diuturnum
1446 2564 1580 2609 libelli
1602 2565 1731 2609 Exer-

279 2649 498 2703 citiorum‚
519 2650 613 2694 sine
636 2663 722 2704 quo
749 2664 856 2694 usus
880 2649 1199 2694 Exercitiorum
1222 2650 1390 2694 eximiis
1411 2650 1494 2695 illis
1515 2649 1732 2695 fructibus

281 2735 557 2789 destituetur,
584 2736 657 2790 qui
676 2749 776 2780 eum
799 2735 900 2780 olim
922 2735 1326 2790 consequebantur.
