2315 3559
167 1216 354 1256 quornm
379 1216 477 1255 gra-

204 1257 429 1301 vissimum

222 1319 289 1356 est
304 1313 410 1356 falsa

211 1368 420 1422 opinandi

249 1423 377 1478 ratio,

270 1622 361 1660 tum

182 1671 443 1725 generatim,

274 1733 365 1771 tum

200 1783 426 1881 speciiatim

317 1852 339 1881 e

161 1892 464 1947 dignitatibus,

215 3120 303 3153 Dec.
319 3120 410 3153 1546.

524 233 626 288 ‘200
698 250 949 289 EPISTOLA
987 251 1035 288 R.
1081 251 1128 289 P.
1171 251 1222 288 N.
1266 250 1384 288 ΑΝΤ.
1429 249 1554 288 ΜΑΒ.
1605 249 1913 288 ANDERLEDY

523 396 753 464 caritati,
802 395 1194 451 oboedientiae.
1239 396 1368 449 Inde
1407 394 1723 450 violationes
1761 397 1943 463 legum
1988 397 2090 450 fre-

523 505 767 565 quentes,
844 497 970 551 inde
1047 496 1370 551 idoneorum
1444 495 1754 563 praesidum
1829 497 2085 565 defcctUS,

522 597 648 652 inde
686 598 740 651 in
768 596 1148 666 praecipiendo
1187 604 1239 650 et
1266 596 1495 650 vetando
1539 596 1884 664 ambiguitas
1934 597 2091 652 Prae-

522 706 667 752 terea
706 700 874 752 multa
913 697 1167 751 iubentur
1217 697 1283 751 ad
1334 696 1622 751 arbitrium
1667 705 1719 751 et
1757 699 2089 752 voluntatem

522 802 603 854 vel
655 799 932 868 propriam
985 800 1067 852 vel
1110 798 1397 852 hominum
1447 806 1810 866 externorum,
1864 799 2090 854 minime

524 916 649 953 vero
687 899 754 952 ad
800 905 1037 952 mentem
1077 897 1189 952 divi
1228 897 1466 966 parentis
1512 897 1726 966 Ignatii.
1768 898 1883 952 Alia
1928 899 2090 953 etiam

522 1017 582 1053 ex
619 1000 811 1053 eodem
851 999 996 1052 sonte
1034 997 1311 1066 profluunt
1349 999 1506 1052 mala.
1556 998 1879 1053 Defervescit
1917 998 2092 1055 Socie-

522 1099 645 1153 tatis
690 1116 862 1165 amor,
912 1097 1141 1152 remittit
1184 1115 1244 1151 ac
1282 1098 1551 1153 delabitur
1588 1099 1771 1165 legum
1810 1099 2086 1168 severitaS,

522 1200 588 1254 ad
644 1198 866 1265 genium
928 1197 1160 1266 quisque
1216 1215 1374 1252 suum
1425 1198 1812 1267 interpretatur
1850 1201 2083 1268 regulaS‚

522 1308 574 1354 et
634 1299 874 1366 tandem,
934 1299 1079 1366 quod
1143 1297 1667 1366 perniciosissimum
1729 1306 1826 1365 est,
1881 1316 1941 1353 ex
2002 1299 2090 1353 illa

522 1399 827 1467 ignorantia
889 1399 1020 1453 falsa
1092 1400 1267 1452 fluunt
1339 1405 1502 1466 atque
1574 1397 1881 1453 redundant
1946 1399 2093 1467 prin-

521 1499 679 1568 cipia.

588 1597 673 1653 38.
735 1599 793 1652 ln
855 1616 964 1666 quo
1024 1615 1222 1665 genere
1272 1597 1362 1651 illa
1411 1605 1491 1652 est
1540 1597 1744 1666 opiniO,
1794 1597 1871 1652 rei
1922 1599 2094 1667 quali-

522 1717 756 1767 cumque
812 1699 1047 1753 dandam
1111 1717 1140 1752 a
1194 1698 1351 1752 nobis
1409 1716 1524 1752 esse
1579 1716 1820 1766 operam,
1875 1717 1936 1753 ex
1985 1718 2092 1768 qua

524 1801 726 1854 fructus
777 1798 975 1867 aliquis
1019 1806 1284 1866 speratur.
1329 1799 1553 1853 Fructus
1597 1817 1725 1853 sane
1768 1799 2091 1867 amplissimi

523 1917 674 1968 spem
732 1899 891 1953 offert
952 1898 1343 1967 Episcoporuni
1413 1898 1667 1965 dignitas.
1728 1899 1770 1952 A
1831 1898 2093 1954 Societate

522 2008 704 2054 tamen
760 1999 991 2054 alienam
1053 2016 1167 2054 esse
1234 1998 1406 2053 voluit
1472 1998 1522 2054 S.
1588 1999 1827 2066 Ignatius
1879 2008 1930 2054 et
1979 2018 2087 2068 eOS,

522 2100 617 2168 qui
667 2118 697 2154 a
742 2099 988 2155 doctrina
1033 2107 1085 2154 et
1136 2099 1332 2153 virtute
1375 2098 1566 2153 ceteris
1611 2108 1789 2154 essent
1833 2100 2087 2169 aptioreS‚

523 2200 631 2254 voti
688 2199 852 2254 etiam
914 2199 1177 2266 religione
1238 2199 1498 2253 arcendos
1560 2217 1589 2253 a
1651 2199 1915 2267 dignitate
1976 2217 2092 2255 esse

521 2299 817 2355 constituit.
877 2300 983 2354 Nec
1033 2299 1088 2353 in
1138 2316 1195 2353 re
1238 2306 1348 2352 tam
1399 2299 1551 2366 gravi
1596 2299 1865 2355 dubitavit
1907 2319 2093 2369 supre-

522 2400 624 2455 mis
663 2400 826 2454 etiam
872 2398 1211 2468 Principibus
1250 2399 1381 2467 quid
1426 2400 1650 2455 sentiret
1682 2402 1972 2456 declarare.

592 2501 953 2568 Ferdinand0‚
1002 2501 1374 2555 Romanorum
1419 2500 1572 2569 Regi,
1626 2503 1757 2557 haec
1807 2502 2023 2570 scripsit
2077 2521 2086 2557 :

526 2601 633 2656 Cui
710 2602 793 2655 rei
869 2600 1215 2669 (professioni
1295 2600 1604 2668 religiosae)
1673 2603 1751 2656 ita
1811 2604 2093 2657 adversari

525 2702 745 2755 honores
810 2718 1137 2768 persuasmn
1210 2701 1486 2769 habemus,
1561 2708 1623 2756 ut
1688 2703 1852 2770 plane
1928 2704 2093 2772 deque

523 2802 706 2856 (zozimi
754 2801 927 2855 nostri
986 2801 1253 2855 sententia
1308 2803 1745 2870 pronuntiemm,
1796 2803 1847 2856 si
1895 2803 2092 2871 eoyita-

526 2902 666 2956 tione
720 2901 1037 2969 fingendam,
1091 2901 1164 2954 sic
1224 2920 1457 2970 (smmum
1519 2902 1729 2956 ratione
1778 2908 1951 2969 posset
2004 2902 2092 2956 hic

523 3003 648 3056 ordo
686 3001 868 3066 everti,
911 3000 1114 3055 nescire
1152 3018 1244 3055 nos
1287 3001 1578 3070 quiequam
1619 3002 1917 3069 excogitare
1951 3002 2090 3069 Epi-

522 3107 836 3169 scopatuum
880 3100 1171 3167 receptione
1214 3101 1466 3155 deterius.
1498 3100 1629 3155 Cum
1669 3117 1796 3155 vero
1846 3100 1896 3155 S.
1927 3101 1964 3154 F
1968 3118 2089 3155 ran-

523 3201 693 3256 ciscus
745 3199 939 3267 Borgia
995 3199 1048 3254 in
1104 3198 1325 3255 Sacrum
1381 3200 1746 3256 Cardinalium
1799 3201 2086 3269 collegium
