2315 3559
212 669 313 709 Reg.
326 676 473 701 comm.

221 710 325 749 prof.
344 710 466 743 class.

256 751 375 783 infer.
401 752 430 784 l.

207 986 327 1018 lustr.
345 995 382 1018 x.
397 995 438 1018 n.
451 987 483 1018 4.

229 1191 447 1236 indusnia

260 1262 410 1292 reruni

191 1303 483 1357 spiritualium

222 1358 453 1412 Praefecss,

253 1495 416 1550 idoness

250 1798 308 1831 Ib.
325 1808 365 1831 n.
381 1800 413 1832 3.

250 1993 307 2025 ΙΙ).
324 2002 364 2026 n.
380 1994 411 2025 ῦ.

243 2584 302 2616 Ib.
318 2593 359 2617 n.
374 2586 408 2617 6.

179 2680 261 2724 1ite
285 2681 487 2734 fornnati3

559 212 660 268 162
734 230 979 270 EPISTOLA
1022 231 1069 270 R.
1114 232 1160 270 P.
1203 233 1255 271 N.
1297 233 1416 272 ANT.
1467 234 1591 274 MAR.
1639 236 1948 276 ANDERLEDY

626 374 685 428 In
747 377 1004 431 classibus
1067 378 1413 434 inferioribus
1475 382 1849 450 adulescentes,
1909 384 2005 452 qui
2064 385 2124 439 in

555 473 837 530 Societatis
896 477 1252 544 disciplinam
1303 479 1497 532 traditi
1543 487 1687 546 sunt,
1739 482 1817 534 sic
1864 483 2124 550 maqister

556 573 830 641 instituat,
878 582 939 628 ut
985 594 1100 630 una
1147 594 1269 629 cum
1314 577 1513 631 litteris
1548 597 1721 633 mores
1768 580 1936 634 etiam
1979 581 2122 634 cliri-

551 673 753 727 stianis
795 675 986 742 diqnos
1037 675 1094 728 in
1139 676 1347 742 primis
1397 677 1680 731 hauriant.

620 769 705 826 025.
753 771 962 826 Summi
1013 774 1276 828 momenti
1326 775 1428 828 hoe
1482 775 1870 831 humaniorum
1921 777 2122 833 littera-

551 887 673 925 rum
718 879 770 926 et
812 872 1200 939 grammaticae
1246 873 1622 940 magisterium
1669 884 1764 930 est.
1818 875 1918 931 Sed
1969 878 2121 931 nobi-

551 971 662 1024 lius
686 972 1019 1041 maiorisque
1044 974 1305 1028 momenti
1326 991 1521 1028 munus
1548 983 1628 1029 est
1650 976 1907 1030 Praefecti
1935 994 2118 1031 rerum

549 1072 934 1143 spiritualium,
965 1076 1098 1145 quia
1141 1077 1285 1130 basis
1328 1084 1377 1131 et
1419 1078 1841 1146 fundamentum
1877 1087 1953 1134 est
1988 1081 2119 1134 alte-

547 1175 685 1228 rius.
735 1174 908 1237 Quare
948 1174 1073 1228 huic
1112 1175 1326 1230 muneri
1365 1176 1660 1232 adhibendi
1706 1177 1809 1232 viri
1848 1196 1956 1233 non
1995 1187 2118 1233 sunt

547 1273 651 1328 nisi
685 1274 972 1342 aptissimi.
1004 1275 1189 1343 Neque
1223 1276 1368 1331 enim
1403 1277 1531 1331 satis
1567 1286 1646 1332 est
1682 1279 1748 1333 ad
1783 1278 1886 1333 alia
1924 1296 2115 1347 parum

547 1392 662 1429 esse
711 1374 920 1442 utilem,
968 1383 1027 1429 ut
1070 1375 1192 1444 quis
1237 1376 1314 1430 illi
1360 1377 1535 1431 officio
1580 1385 1748 1432 vacet.
1801 1378 1999 1447 Inqens
2037 1389 2117 1434 est

544 1491 713 1542 error,
767 1474 841 1528 ita
885 1475 1043 1529 Instr.
1092 1491 1141 1543 X,
1196 1477 1486 1545 quemlibet
1528 1478 1788 1531 mediocri
1825 1479 2111 1546 probitate,

543 1575 805 1629 mediocri
858 1576 1177 1643 prudentia,
1229 1583 1365 1630 recto
1417 1583 1630 1631 tantum
1678 1578 1858 1632 studio
1909 1579 2114 1632 instru-

543 1681 705 1741 ctum,
747 1693 1120 1745 propensaque
1156 1677 1227 1730 acl
1262 1677 1520 1731 virtutem
1556 1678 1845 1744 voluntate,
1887 1680 1958 1732 ad
1995 1685 2113 1734 tan-

543 1781 660 1829 tum
719 1793 923 1830 munus
979 1776 1233 1831 idoneum
1295 1777 1554 1832 iudicari.
1619 1777 1813 1832 Contra
1876 1778 2110 1846 eligendi

539 1875 754 1930 silentii
796 1882 846 1930 et
886 1893 1113 1930 secessus
1156 1883 1439 1943 amatores,
1492 1878 1757 1932 orationis
1799 1885 1847 1932 et
1889 1879 2111 1935 divinae

540 1976 1009 2043 contemplationis
1073 1976 1322 2030 studiosi.
1387 1977 1567 2046 Neque
1627 1978 1879 2047 cuiquam
1943 1980 2111 2034 otiosa

539 2093 623 2130 res
673 2075 852 2131 videri
899 2076 1110 2131 debet...
1163 2077 1245 2130 vel
1302 2076 1353 2130 si
1412 2095 1534 2130 cum
1606 2078 1853 2147 aliquo...
1910 2079 2109 2133 incom-

537 2176 691 2229 modo
735 2175 794 2228 id
835 2175 949 2242 fiat,
1003 2194 1208 2230 navum
1252 2176 1493 2245 aliquem
1537 2177 1813 2231 hominem
1856 2195 1890 2231 a
1937 2178 2109 2232 mini-

535 2274 720 2328 steriis
763 2275 897 2329 aliis
940 2275 1267 2329 clarioribus
1315 2292 1578 2329 cessare...
1619 2276 1670 2329 si
1707 2277 1925 2345 quidem
1974 2277 2109 2331 alio-

535 2391 663 2428 rum
723 2375 974 2429 omnium
1039 2375 1315 2440 manibus,
1386 2375 1483 2444 qui
1549 2376 1613 2429 ab
1689 2376 1803 2443 ipso
1869 2377 2107 2444 promoti

534 2473 726 2542 diqnos
767 2492 821 2529 se
862 2474 1124 2542 praebent
1170 2474 1452 2530 Societatis
1495 2476 1869 2544 administros,
1921 2494 2106 2545 opera-

537 2578 645 2626 tur.

602 2669 686 2725 26.
736 2670 835 2735 Qui
888 2689 1014 2727 vero
1058 2672 1212 2726 electi
1250 2671 1469 2741 fuerint,
1516 2673 1734 2743 aliquas
1770 2675 2103 2728 exercitatio-

533 2789 626 2826 nes
668 2773 1105 2842 ministeriaque‚
1155 2773 1356 2827 laboris
1405 2774 1642 2843 quidem,
1690 2774 2102 2829 humiliationis

531 2871 900 2941 utilitatisque
936 2873 1185 2938 maioris,
1227 2874 1590 2940 occupationis
1628 2880 1807 2928 tamen
1844 2880 1893 2928 et
1931 2874 2102 2929 illece-

533 2972 660 3026 brae
721 2973 953 3027 minoris
1002 2979 1318 3040 assumant;
1367 2974 1673 3028 cuiusmodi
1720 2980 1847 3028 suut
1895 2992 2100 3029 carcere

530 3074 779 3140 detentae,
827 3072 1141 3140 hospitalia,
1194 3080 1431 3141 aeqrotos
1480 3074 1730 3140 invisere,
1783 3080 1879 3127 aut
1922 3074 2099 3129 breves

530 3172 750 3242 aliquas
774 3172 1003 3227 subinde
1028 3172 1176 3226 obire
1201 3172 1487 3228 missiones
1517 3191 1526 3227 :
1556 3175 1646 3229 sed
1672 3174 1845 3240 certiS,
1877 3175 2097 3242 quibus-
