2315 3559
531 172 635 228 384
963 191 1282 231 SUMMARIUM
1323 191 1686 230 EPISTULARUM

644 337 685 378 v1⁰
705 334 919 380 Gaudium
948 336 1003 380 de
1031 337 1263 380 vocatione
1293 343 1460 389 nostra,
1487 349 1617 390 quam
1640 336 1763 381 lesus
1783 336 1957 381 beatam
1979 337 2099 391 dixit,

641 422 744 477 quia
774 436 880 467 vere
908 423 1102 477 patimur
1130 437 1213 477 pro
1245 423 1340 468 eius
1373 424 1566 477 nomine,
1600 429 1643 467 et
1671 423 1911 478 participes
1948 438 2100 468 sumus

640 508 807 562 gloriae
836 509 981 553 crucis
1011 509 1185 563 Christi,
1217 509 1336 563 quod
1367 523 1498 563 quam
1530 509 1806 563 deplorandi,
1839 509 1875 553 si
1906 509 1980 563 qui
2011 523 2100 553 non

638 593 898 647 intellegant
913 593 921 636 !

555 678 640 723 5-6.
675 679 719 722 Ξὶῡ
750 679 1016 723 Profundam
1045 679 1333 724 humilitatem
1356 693 1455 724 cum
1478 685 1630 724 sancta
1651 679 1945 724 sollicitudine
1967 693 2022 724 ne
2045 679 2100 724 ob

639 765 887 819 aliquorum
907 765 1074 820 culpas,
1095 766 1225 810 etiam
1238 766 1436 810 minores
1452 766 1651 810 universi
1667 765 1917 810 huiusmodi
1933 779 2102 820 poenas

638 865 906 907 mereamur,
939 852 1017 896 sed
1047 852 1371 906 perfectionem
1413 852 1604 897 Instituti
1644 852 1786 897 nostri
1821 852 2101 901 meditantes,

637 937 868 991 lugeamus
898 937 1210 992 imperfectum
1243 944 1462 994 nostrum,
1487 944 1531 983 et
1563 938 1723 983 cotidie
1751 938 1805 982 ad
1834 938 1991 983 altiora
2009 944 2103 983 ten-

641 1023 813 1068 damus.

527 1110 640 1153 7-11.
673 1109 718 1154 3⁰
749 1110 972 1154 Summam
1002 1111 1047 1154 in
1079 1110 1169 1155 Deo
1201 1111 1421 1164 fiduciam,
1454 1111 1783 1166 praecipientes
1814 1111 1960 1156 animo
1990 1110 2104 1155 mala

638 1196 800 1249 omnia,
826 1210 940 1251 quae
970 1197 1163 1242 mundus
1193 1198 1361 1242 inferre
1382 1203 1545 1252 potest,
1569 1212 1625 1242 ne
1648 1212 1699 1243 ea
1718 1198 1967 1252 timeamus,
1991 1197 2104 1242 scili-

637 1289 707 1327 cet
740 1297 749 1326 :
784 1283 826 1326 1ο
855 1297 1077 1338 carceres,
1110 1284 1311 1337 vulnera,
1343 1290 1556 1338 mortem3
1588 1284 1633 1328 ΞΟ
1662 1298 1814 1329 rerum
1843 1283 2099 1339 penuriam3

635 1368 680 1413 3Ο
700 1370 1029 1424 separationem
1051 1384 1101 1415 ac
1123 1370 1450 1426 dispersionem
1472 1370 1719 1415 Sociorum.
1739 1370 1989 1416 Conclusio.

596 1527 686 1581 III.
711 1543 779 1581 AD
800 1543 996 1582 PATREs
1018 1544 1081 1583 Ac
1104 1545 1336 1583 FRATRES
1364 1545 1681 1598 soalETATIS,
1704 1528 1739 1584 3
1758 1529 1873 1584 deo.
1898 1527 2035 1583 1833

610 1658 687 1713 De
726 1659 1051 1714 missionum
1089 1667 1400 1715 eoeterarum
1437 1661 1704 1715 desiderio
1742 1661 2021 1715 crocitando

1156 1778 1216 1814 ac
1253 1760 1472 1829 fovendo

961 1880 1134 1949 (Tom.
1166 1882 1232 1949 ΙΙ,
1264 1899 1352 1950 pp.
1382 1880 1658 1948 347-365.)

551 2032 635 2076 1-8.
670 2032 733 2076 Ad
780 2032 1043 2076 missionum
1093 2038 1345 2077 exterarum
1390 2033 1701 2087 ministerium,
1754 2033 1873 2087 quod
1923 2046 2102 2088 semper

632 2118 833 2173 amplexa
868 2125 936 2163 est
969 2119 1181 2174 Societas,
1219 2119 1365 2164 denuo
1398 2133 1480 2163 nos
1511 2119 1738 2164 stimulant
1775 2134 1785 2163 ε
1823 2120 1866 2163 1⁰
1901 2119 2100 2174 exempla
2176 2148 2177 2151 =

633 2205 847 2249 Maiorum
879 2212 1153 2261 nostrorum,
1185 2220 1329 2260 usque
1360 2206 1414 2250 ad
1444 2205 1596 2250 ultima
1623 2205 1853 2250 Societatis
1875 2211 2098 2260 tempora3

632 2292 677 2335 ⁹20
705 2292 935 2346 religionis
957 2292 1223 2338 detrimenta
1244 2293 1288 2337 in
1310 2293 1493 2337 remotis
1514 2293 1598 2337 illis
1620 2292 1905 2348 regionibus3
1928 2292 1973 2336 3⁰
1992 2292 2101 2337 invi-

630 2380 838 2434 tationes,
871 2380 1034 2434 quihus
1064 2394 1365 2435 provocamur
1394 2380 1448 2425 ad
1479 2380 1755 2435 operandum
1791 2381 1834 2424 in
1871 2380 2101 2425 Americae

632 2466 818 2511 statibus
841 2466 1098 2521 foederatis,
1125 2467 1178 2511 ad
1200 2473 1396 2512 montem
1419 2467 1633 2512 Libanum
1656 2474 1699 2512 et
1718 2467 1764 2511 in
1784 2467 1920 2512 maris
1937 2466 2098 2521 Aegaei

629 2551 803 2605 insulis,
838 2552 891 2596 ad
922 2553 1067 2597 varias
1098 2553 1230 2598 Asiae
1252 2558 1296 2598 et
1316 2553 1490 2598 Africae
1512 2567 1629 2607 oras,
1652 2553 1697 2597 in
1719 2553 1853 2598 Indiis
1878 2552 2100 2598 orientali-

632 2637 732 2691 bus,
748 2638 876 2690 Sinis,
898 2645 983 2683 etc.

520 2724 635 2768 9-11.
670 2723 732 2768 Ne
770 2724 906 2778 igitur
946 2725 1093 2769 obstet
1134 2726 1443 2780 operariorum
1475 2726 1680 2781 penuria,
1718 2725 1793 2780 qui
1836 2725 2097 2770 missionum

632 2809 853 2853 desideria
883 2809 927 2853 in
960 2824 1006 2854 se
1039 2811 1250 2865 sentiunt,
1284 2825 1447 2856 nomen
1469 2811 1598 2864 dent;
1624 2825 1770 2865 neque
1791 2810 1974 2855 timeant
1996 2810 2098 2855 Pro-

638 2895 850 2941 vinciales
874 2896 1205 2941 Provinciarum
1229 2912 1408 2942 suarum
1431 2897 1710 2942 detrimenta.

524 2982 663 3026 12:14.
702 2982 983 3037 praeparatio
1012 2984 1064 3027 ad
1099 2984 1351 3040 missiones,
1382 2989 1564 3039 praeter
1596 2984 1905 3035 valetudinem,
1934 2983 2094 3028 bonam

631 3069 827 3113 indolem
850 3075 893 3114 et
914 3070 1141 3114 scientiam
1164 3070 1469 3125 hauriendam,
1492 3071 1682 3125 requirit
1702 3070 1912 3116 virtutum
1941 3070 2098 3115 solida-

631 3169 732 3200 rum
749 3156 1039 3211 praesidium.
