2315 3559
198 255 265 293 DE
286 253 591 293 REPETENDA
609 254 681 291 ss.
701 252 1068 304 PETR1,10ANN.
1089 253 1151 290 ET
1167 252 1319 291 ALPH.
1340 254 1580 292 nmiomi.
1617 237 1717 293 199

163 398 316 453 nobis
361 398 415 451 in
464 397 695 466 patriam
738 398 1020 452 caelestem
1064 396 1240 451 Sancti
1285 397 1453 451 nostri
1499 398 1718 452 demon-

163 504 349 550 strant.
399 495 478 549 Illi
533 512 655 549 vero
705 512 811 549 non
861 495 1021 549 aliam
1071 495 1335 563 persecuti
1386 504 1509 550 sunt
1555 496 1713 562 viam,

162 594 264 648 nisi
303 593 757 648 Constitutionum
796 601 1122 647 nostrarum.
1168 593 1276 647 Hae
1309 594 1529 648 eaedem
1562 593 1715 648 nobis

162 701 285 748 sunt
337 695 499 761 leges,
559 692 696 746 votis
758 692 949 747 iisdem
1006 693 1111 747 Deo
1167 701 1218 747 et
1267 693 1717 762 promissionibus

161 793 575 861 obstringimur;
635 810 804 847 unum
854 793 1167 862 requiritur,
1214 802 1273 847 ut
1317 793 1461 848 idem
1501 793 1569 847 sit
1605 794 1717 847 ani-

162 912 299 948 mus,
340 895 596 948 Voluntas
635 902 945 947 nostrorum
995 894 1061 948 ad
1107 893 1515 962 obsequendum
1560 911 1717 960 regu-

159 993 223 1047 lis
267 992 565 1060 generatim
610 1001 689 1047 est
731 1010 1016 1061 propensa,
1065 994 1360 1047 multorum
1405 992 1567 1047 etiam
1612 991 1716 1047 exi-

160 1092 286 1147 mia.
342 1093 404 1146 Et
468 1100 649 1147 tamen
715 1110 822 1146 non
889 1092 1115 1146 eandem
1176 1092 1377 1160 ubique
1438 1091 1715 1146 Societatis

160 1193 394 1245 formam
449 1198 501 1245 et
543 1199 824 1259 tamquam
875 1191 1067 1245 faciem
1117 1191 1497 1259 conspicimUS,
1551 1190 1714 1245 etiam

158 1290 213 1344 in
251 1290 316 1345 iis
366 1308 504 1359 quae
541 1291 607 1345 ad
646 1308 894 1345 normam
934 1290 1169 1345 Instituti
1208 1291 1326 1345 fieri
1375 1290 1511 1344 nihil
1552 1299 1709 1345 vetat.

160 1390 310 1445 Unde
353 1390 519 1457 igitur
561 1408 622 1445 ea
666 1390 932 1445 varietas?
975 1391 1047 1444 Ex
1091 1389 1312 1458 dispari,
1359 1398 1419 1444 ut
1461 1390 1711 1458 arbitror,

158 1507 345 1544 eorum
407 1508 545 1558 quae
607 1490 889 1558 praefinita
951 1498 1074 1544 sunt
1124 1490 1277 1543 nobis
1329 1489 1710 1557 intellegentia.

223 1590 308 1646 36.
362 1590 494 1645 Sunt
542 1590 705 1658 enim,
759 1590 998 1659 quinon
1047 1589 1174 1644 satis
1224 1590 1406 1644 norint
1449 1590 1716 1645 Constitu-

157 1694 348 1749 tioneS.
385 1694 487 1748 Alii
519 1701 717 1748 norunt
748 1693 988 1762 quidem,
1023 1693 1115 1747 sed
1144 1710 1329 1747 earum
1363 1693 1472 1747 vim
1504 1711 1562 1748 ac
1595 1712 1717 1761 gra-

157 1794 378 1848 vitatem
434 1811 541 1847 non
595 1793 722 1847 satis
783 1793 1140 1861 perpendunt,
1194 1810 1512 1861 moremque
1561 1794 1713 1862 sequi

157 1892 527 1961 antiquiorum
583 1892 710 1946 satis
771 1910 885 1946 esse
935 1899 1202 1959 reputant.
1257 1891 1357 1946 Sed
1419 1910 1541 1945 cum
1598 1911 1716 1960 per-

157 2009 375 2045 suasum
413 1991 705 2059 unicuique
749 2009 863 2046 esse
908 1991 1116 2058 debeat,
1142 2008 1279 2059 quae
1317 1990 1585 2058 iubemur,
1614 1992 1716 2046 Dei

151 2099 494 2160 praeceptum
543 2109 649 2146 esse
703 2098 750 2146 et
810 2092 1154 2156 voluntatem,
1215 2091 1455 2158 ignorari
1510 2109 1570 2145 ea
1633 2093 1713 2146 vel

157 2191 382 2246 minoris
421 2191 681 2246 momenti
731 2190 909 2259 putari
959 2190 1184 2245 minime
1226 2190 1424 2245 licebit.

224 2291 396 2356 Quare
438 2291 744 2346 carissimos
784 2291 983 2357 PatreS,
1030 2290 1124 2359 qui
1168 2308 1369 2345 annum
1407 2298 1574 2358 agunt
1611 2298 1714 2345 ter-

155 2392 261 2446 tiae
310 2392 663 2460 probationis,
710 2410 862 2460 rogo,
915 2393 1106 2446 hortor
1161 2409 1220 2446 ac
1277 2408 1490 2459 moneo,
1538 2399 1596 2445 ut
1645 2392 1710 2445 ad

156 2491 578 2559 intellegentiam
645 2491 813 2546 sancti
873 2491 1044 2546 nostri
1117 2490 1353 2545 Instituti
1415 2490 1710 2559 plurimum

155 2608 314 2645 curae
357 2598 517 2659 atque
561 2608 754 2659 operae
797 2592 1090 2645 conferant.

221 2690 306 2746 37.
359 2691 475 2745 Non
520 2690 664 2744 enim
709 2691 860 2745 decet
909 2708 1046 2759 quae
1083 2690 1247 2744 totius
1298 2690 1436 2744 vitae
1497 2697 1710 2744 nostrae

154 2789 429 2844 continent
494 2789 758 2844 rationem
819 2790 1085 2856 ignorare.
1156 2790 1340 2858 Neque
1399 2789 1537 2843 levia
1592 2807 1712 2843 cen-

155 2888 320 2942 senda
363 2896 488 2942 sunt
525 2888 738 2955 damna,
786 2906 923 2956 quae
972 2906 1033 2942 ex
1076 2889 1173 2942 hac
1213 2887 1550 2955 ignoratione
1589 2905 1711 2955 pro-

158 2986 395 3042 veniunt.
449 2987 645 3041 Malum
713 2986 857 3041 enim
917 2988 1047 3042 haec
1115 2986 1327 3041 inscitia
1393 2986 1707 3041 intestinum

155 3103 278 3139 cum
333 3085 402 3140 sit
451 3094 611 3154 atque
661 3086 1036 3153 domesticum,
1090 3104 1149 3140 ea
1211 3086 1373 3140 etiam
1429 3086 1710 3140 labefactat

157 3201 295 3252 quae
351 3185 575 3240 suntin
636 3184 895 3240 Societate
945 3184 1248 3253 praecipua.
1303 3184 1460 3239 Obest
1509 3183 1705 3249 ordini,

1801 1584 2048 1628 [nstitutum

1859 1639 1992 1693 igitur

1819 1694 2029 1748 cognosci

1840 1749 1984 1794 debet.

1844 2694 2008 2738 Damna

1781 2748 2059 2802 ignorantiae

1822 2803 2010 2847 Instituti

1800 2872 1886 2902 non
1904 2858 2031 2909 levia,
