<?xml version="1.0" encoding="UTF-8"?>
<!DOCTYPE html PUBLIC "-//W3C//DTD XHTML 1.0 Transitional//EN"
    "http://www.w3.org/TR/xhtml1/DTD/xhtml1-transitional.dtd">
<html xmlns="http://www.w3.org/1999/xhtml" xml:lang="en" lang="en">
 <head>
  <title>
</title>
<meta http-equiv="Content-Type" content="text/html;charset=utf-8" />
  <meta name='ocr-system' content='tesseract 3.04.00' />
  <meta name='ocr-capabilities' content='ocr_page ocr_carea ocr_par ocr_line ocrx_word'/>
</head>
<body>
  <div class='ocr_page' id='page_1' title='image "./epistolaepraepos04jesu_0439.png"; bbox 0 0 2315 3559; ppageno 0'>
   <div class='ocr_carea' id='block_1_1' title="bbox 799 201 1727 256">
    <p class='ocr_par' dir='ltr' id='par_1_1' title="bbox 799 201 1727 256">
     <span class='ocr_line' id='line_1_1' title="bbox 799 201 1727 256; baseline 0 0"><span class='ocrx_word' id='word_1_1' title='bbox 799 218 896 256; x_wconf 73' lang='lat' dir='ltr'>con</span> <span class='ocrx_word' id='word_1_2' title='bbox 924 233 990 239; x_wconf 88' lang='lat'>——</span> <span class='ocrx_word' id='word_1_3' title='bbox 1016 217 1114 256; x_wconf 80' lang='lat' dir='ltr'>con</span> <span class='ocrx_word' id='word_1_4' title='bbox 1628 201 1727 256; x_wconf 81' lang='grc'>427</span> 
     </span>
    </p>
   </div>
   <div class='ocr_carea' id='block_1_2' title="bbox 172 360 1736 844">
    <p class='ocr_par' dir='ltr' id='par_1_2' title="bbox 172 360 1736 844">
     <span class='ocr_line' id='line_1_2' title="bbox 173 360 1725 417; baseline -0.001 -11"><span class='ocrx_word' id='word_1_5' title='bbox 173 362 318 407; x_wconf 87' lang='lat' dir='ltr'>sinant</span> <span class='ocrx_word' id='word_1_6' title='bbox 337 364 469 408; x_wconf 85' lang='lat' dir='ltr'>certis</span> <span class='ocrx_word' id='word_1_7' title='bbox 497 362 872 417; x_wconf 87' lang='lat' dir='ltr'>propensionibus</span> <span class='ocrx_word' id='word_1_8' title='bbox 895 362 947 405; x_wconf 85' lang='lat' dir='ltr'>ad</span> <span class='ocrx_word' id='word_1_9' title='bbox 971 362 1195 406; x_wconf 77' lang='lat' dir='ltr'>clientelas</span> <span class='ocrx_word' id='word_1_10' title='bbox 1226 361 1531 415; x_wconf 84' lang='lat' dir='ltr'>suscipiendas</span> <span class='ocrx_word' id='word_1_11' title='bbox 1554 361 1607 415; x_wconf 84' lang='lat' dir='ltr'>(l,</span> <span class='ocrx_word' id='word_1_12' title='bbox 1630 360 1725 413; x_wconf 85' lang='grc'>377,</span> 
     </span>
     <span class='ocr_line' id='line_1_3' title="bbox 172 445 1728 501; baseline -0.001 -10"><span class='ocrx_word' id='word_1_13' title='bbox 172 447 269 501; x_wconf 87' lang='lat'>378)</span> <span class='ocrx_word' id='word_1_14' title='bbox 277 461 294 501; x_wconf 84' lang='lat'><em>;</em></span> <span class='ocrx_word' id='word_1_15' title='bbox 316 448 528 492; x_wconf 80' lang='lat' dir='ltr'>sodalium</span> <span class='ocrx_word' id='word_1_16' title='bbox 550 461 697 491; x_wconf 90' lang='lat' dir='ltr'>mores</span> <span class='ocrx_word' id='word_1_17' title='bbox 715 461 803 490; x_wconf 86' lang='lat' dir='ltr'>non</span> <span class='ocrx_word' id='word_1_18' title='bbox 821 446 1090 501; x_wconf 77' lang='lat' dir='ltr'>describant,</span> <span class='ocrx_word' id='word_1_19' title='bbox 1116 446 1197 490; x_wconf 88' lang='lat' dir='ltr'>nisi</span> <span class='ocrx_word' id='word_1_20' title='bbox 1214 446 1338 501; x_wconf 90' lang='lat' dir='ltr'>prius</span> <span class='ocrx_word' id='word_1_21' title='bbox 1360 446 1496 489; x_wconf 86' lang='lat' dir='ltr'>Deum</span> <span class='ocrx_word' id='word_1_22' title='bbox 1519 445 1728 499; x_wconf 83' lang='lat' dir='ltr'>precihus</span> 
     </span>
     <span class='ocr_line' id='line_1_4' title="bbox 175 531 1729 586; baseline -0.003 -8"><span class='ocrx_word' id='word_1_23' title='bbox 175 534 491 586; x_wconf 86' lang='lat' dir='ltr'>consuluerint,</span> <span class='ocrx_word' id='word_1_24' title='bbox 517 547 598 577; x_wconf 88' lang='lat' dir='ltr'>nec</span> <span class='ocrx_word' id='word_1_25' title='bbox 619 533 672 576; x_wconf 88' lang='lat' dir='ltr'>ad</span> <span class='ocrx_word' id='word_1_26' title='bbox 701 532 1068 586; x_wconf 81' lang='lat' dir='ltr'>gubernationem</span> <span class='ocrx_word' id='word_1_27' title='bbox 1092 532 1159 577; x_wconf 85' lang='lat' dir='ltr'>vel</span> <span class='ocrx_word' id='word_1_28' title='bbox 1191 532 1376 586; x_wconf 82' lang='lat' dir='ltr'>gradum</span> <span class='ocrx_word' id='word_1_29' title='bbox 1409 531 1594 575; x_wconf 91' lang='lat' dir='ltr'>idoneos</span> <span class='ocrx_word' id='word_1_30' title='bbox 1626 544 1729 585; x_wconf 90' lang='lat' dir='ltr'>pro-</span> 
     </span>
     <span class='ocr_line' id='line_1_5' title="bbox 173 615 1728 673; baseline -0.002 -11"><span class='ocrx_word' id='word_1_31' title='bbox 173 625 341 673; x_wconf 84' lang='lat' dir='ltr'>ponant</span> <span class='ocrx_word' id='word_1_32' title='bbox 380 619 461 662; x_wconf 91' lang='lat' dir='ltr'>nisi</span> <span class='ocrx_word' id='word_1_33' title='bbox 498 631 609 672; x_wconf 87' lang='lat' dir='ltr'>quos</span> <span class='ocrx_word' id='word_1_34' title='bbox 651 618 738 661; x_wconf 89' lang='lat' dir='ltr'>leto</span> <span class='ocrx_word' id='word_1_35' title='bbox 780 617 967 671; x_wconf 77' lang='lat' dir='ltr'>proximi</span> <span class='ocrx_word' id='word_1_36' title='bbox 1011 617 1282 671; x_wconf 78' lang='lat' dir='ltr'>designaturi</span> <span class='ocrx_word' id='word_1_37' title='bbox 1319 622 1469 661; x_wconf 86' lang='lat' dir='ltr'>essent</span> <span class='ocrx_word' id='word_1_38' title='bbox 1501 617 1573 670; x_wconf 88' lang='grc' dir='ltr'>(ΙΙ,</span> <span class='ocrx_word' id='word_1_39' title='bbox 1606 615 1728 669; x_wconf 87' lang='grc'>153);</span> 
     </span>
     <span class='ocr_line' id='line_1_6' title="bbox 174 701 1736 758; baseline -0.003 -10"><span class='ocrx_word' id='word_1_40' title='bbox 174 718 412 758; x_wconf 82' lang='lat' dir='ltr'>numquam</span> <span class='ocrx_word' id='word_1_41' title='bbox 443 704 634 757; x_wconf 84' lang='lat' dir='ltr'>denique</span> <span class='ocrx_word' id='word_1_42' title='bbox 665 716 712 747; x_wconf 87' lang='lat' dir='ltr'>se</span> <span class='ocrx_word' id='word_1_43' title='bbox 743 702 886 757; x_wconf 80' lang='lat' dir='ltr'>decipi</span> <span class='ocrx_word' id='word_1_44' title='bbox 918 703 1063 747; x_wconf 89' lang='lat' dir='ltr'>sinant</span> <span class='ocrx_word' id='word_1_45' title='bbox 1088 703 1196 746; x_wconf 89' lang='lat' dir='ltr'>falsa</span> <span class='ocrx_word' id='word_1_46' title='bbox 1236 702 1429 746; x_wconf 82' lang='lat' dir='ltr'>caritatis</span> <span class='ocrx_word' id='word_1_47' title='bbox 1472 701 1621 756; x_wconf 90' lang='lat' dir='ltr'>specie</span> <span class='ocrx_word' id='word_1_48' title='bbox 1663 706 1736 745; x_wconf 90' lang='lat' dir='ltr'>aut</span> 
     </span>
     <span class='ocr_line' id='line_1_7' title="bbox 173 788 779 844; baseline -0.003 -10"><span class='ocrx_word' id='word_1_49' title='bbox 173 791 357 834; x_wconf 85' lang='lat' dir='ltr'>utilitate</span> <span class='ocrx_word' id='word_1_50' title='bbox 378 790 549 844; x_wconf 82' lang='lat' dir='ltr'>privata</span> <span class='ocrx_word' id='word_1_51' title='bbox 570 789 641 842; x_wconf 91' lang='grc' dir='ltr'>(ΙΙ,</span> <span class='ocrx_word' id='word_1_52' title='bbox 667 788 779 843; x_wconf 88' lang='grc'>427).</span> 
     </span>
    </p>
   </div>
   <div class='ocr_carea' id='block_1_3' title="bbox 175 894 1742 1547">
    <p class='ocr_par' dir='ltr' id='par_1_3' title="bbox 175 894 1736 1120">
     <span class='ocr_line' id='line_1_8' title="bbox 228 894 1733 949; baseline -0.002 -9"><span class='ocrx_word' id='word_1_53' title='bbox 228 894 647 940; x_wconf 88' lang='lat' dir='ltr'><strong>CONTEMPLATIO</strong></span> <span class='ocrx_word' id='word_1_54' title='bbox 688 908 792 938; x_wconf 88' lang='lat' dir='ltr'>vera</span> <span class='ocrx_word' id='word_1_55' title='bbox 831 894 1120 949; x_wconf 74' lang='lat' dir='ltr'>perfectaque</span> <span class='ocrx_word' id='word_1_56' title='bbox 1162 894 1387 949; x_wconf 82' lang='lat' dir='ltr'>potentius</span> <span class='ocrx_word' id='word_1_57' title='bbox 1428 901 1471 938; x_wconf 88' lang='lat' dir='ltr'>et</span> <span class='ocrx_word' id='word_1_58' title='bbox 1511 894 1733 938; x_wconf 82' lang='lat' dir='ltr'>efficacius</span> 
     </span>
     <span class='ocr_line' id='line_1_9' title="bbox 175 980 1736 1034; baseline -0.001 -9"><span class='ocrx_word' id='word_1_59' title='bbox 175 982 313 1026; x_wconf 89' lang='lat' dir='ltr'>altera</span> <span class='ocrx_word' id='word_1_60' title='bbox 346 980 539 1034; x_wconf 87' lang='lat' dir='ltr'>qualibet</span> <span class='ocrx_word' id='word_1_61' title='bbox 570 980 902 1024; x_wconf 86' lang='lat' dir='ltr'>meditationum</span> <span class='ocrx_word' id='word_1_62' title='bbox 934 981 1140 1024; x_wconf 88' lang='lat' dir='ltr'>methodo</span> <span class='ocrx_word' id='word_1_63' title='bbox 1172 980 1224 1024; x_wconf 90' lang='lat' dir='ltr'>ad</span> <span class='ocrx_word' id='word_1_64' title='bbox 1254 980 1541 1025; x_wconf 81' lang='lat' dir='ltr'>humilitatem</span> <span class='ocrx_word' id='word_1_65' title='bbox 1574 986 1617 1024; x_wconf 88' lang='lat' dir='ltr'>et</span> <span class='ocrx_word' id='word_1_66' title='bbox 1645 980 1736 1024; x_wconf 87' lang='lat' dir='ltr'>fer-</span> 
     </span>
     <span class='ocr_line' id='line_1_10' title="bbox 176 1065 718 1120; baseline -0.004 -9"><span class='ocrx_word' id='word_1_67' title='bbox 176 1080 332 1111; x_wconf 83' lang='lat' dir='ltr'>vorem</span> <span class='ocrx_word' id='word_1_68' title='bbox 355 1066 513 1110; x_wconf 81' lang='lat' dir='ltr'>excitat</span> <span class='ocrx_word' id='word_1_69' title='bbox 533 1066 582 1119; x_wconf 87' lang='lat' dir='ltr'>(l,</span> <span class='ocrx_word' id='word_1_70' title='bbox 603 1065 718 1120; x_wconf 88' lang='lat'>252).</span> 
     </span>
    </p>

    <p class='ocr_par' dir='ltr' id='par_1_4' title="bbox 178 1150 1742 1547">
     <span class='ocr_line' id='line_1_11' title="bbox 232 1150 1736 1205; baseline -0.001 -10"><span class='ocrx_word' id='word_1_71' title='bbox 232 1152 426 1195; x_wconf 86' lang='lat' dir='ltr'>Diversis</span> <span class='ocrx_word' id='word_1_72' title='bbox 447 1151 589 1195; x_wconf 84' lang='lat' dir='ltr'>modis</span> <span class='ocrx_word' id='word_1_73' title='bbox 613 1165 664 1195; x_wconf 92' lang='lat' dir='ltr'>ea</span> <span class='ocrx_word' id='word_1_74' title='bbox 686 1156 806 1195; x_wconf 90' lang='lat' dir='ltr'>recte</span> <span class='ocrx_word' id='word_1_75' title='bbox 839 1151 901 1194; x_wconf 91' lang='lat' dir='ltr'>uti</span> <span class='ocrx_word' id='word_1_76' title='bbox 930 1164 1167 1205; x_wconf 89' lang='lat' dir='ltr'>possumus</span> <span class='ocrx_word' id='word_1_77' title='bbox 1190 1151 1239 1204; x_wconf 84' lang='grc' dir='ltr'>(Ι,</span> <span class='ocrx_word' id='word_1_78' title='bbox 1264 1150 1358 1201; x_wconf 77' lang='grc'>253,</span> <span class='ocrx_word' id='word_1_79' title='bbox 1378 1150 1493 1204; x_wconf 83' lang='grc'>254),</span> <span class='ocrx_word' id='word_1_80' title='bbox 1521 1151 1595 1194; x_wconf 89' lang='lat' dir='ltr'>sed</span> <span class='ocrx_word' id='word_1_81' title='bbox 1618 1151 1663 1194; x_wconf 89' lang='lat' dir='ltr'>in</span> <span class='ocrx_word' id='word_1_82' title='bbox 1685 1164 1736 1194; x_wconf 88' lang='lat' dir='ltr'>ea</span> 
     </span>
     <span class='ocr_line' id='line_1_12' title="bbox 178 1236 1740 1292; baseline -0.001 -11"><span class='ocrx_word' id='word_1_83' title='bbox 178 1238 423 1292; x_wconf 89' lang='lat' dir='ltr'>periculum</span> <span class='ocrx_word' id='word_1_84' title='bbox 444 1236 669 1280; x_wconf 76' lang='lat' dir='ltr'>vitandum</span> <span class='ocrx_word' id='word_1_85' title='bbox 693 1237 743 1290; x_wconf 92' lang='grc' dir='ltr'>(Ι,</span> <span class='ocrx_word' id='word_1_86' title='bbox 767 1236 879 1289; x_wconf 84' lang='grc'>251),</span> <span class='ocrx_word' id='word_1_87' title='bbox 902 1242 944 1280; x_wconf 86' lang='lat' dir='ltr'>et</span> <span class='ocrx_word' id='word_1_88' title='bbox 965 1236 1058 1280; x_wconf 88' lang='lat' dir='ltr'>eius</span> <span class='ocrx_word' id='word_1_89' title='bbox 1079 1251 1186 1280; x_wconf 88' lang='lat' dir='ltr'>usus</span> <span class='ocrx_word' id='word_1_90' title='bbox 1217 1236 1516 1280; x_wconf 87' lang='lat' dir='ltr'>moderandus</span> <span class='ocrx_word' id='word_1_91' title='bbox 1536 1250 1740 1291; x_wconf 87' lang='lat' dir='ltr'>praeser-</span> 
     </span>
     <span class='ocr_line' id='line_1_13' title="bbox 178 1321 1739 1376; baseline 0 -10"><span class='ocrx_word' id='word_1_92' title='bbox 178 1322 254 1366; x_wconf 86' lang='lat' dir='ltr'>tim</span> <span class='ocrx_word' id='word_1_93' title='bbox 276 1321 587 1376; x_wconf 77' lang='lat' dir='ltr'>Superioribus</span> <span class='ocrx_word' id='word_1_94' title='bbox 609 1322 680 1374; x_wconf 92' lang='grc' dir='ltr'>(ΙΙ,</span> <span class='ocrx_word' id='word_1_95' title='bbox 705 1321 799 1373; x_wconf 90' lang='grc'>170,</span> <span class='ocrx_word' id='word_1_96' title='bbox 826 1321 937 1375; x_wconf 92' lang='grc'>171).</span> <span class='ocrx_word' id='word_1_97' title='bbox 974 1321 1068 1364; x_wconf 88' lang='lat' dir='ltr'>Non</span> <span class='ocrx_word' id='word_1_98' title='bbox 1103 1321 1281 1365; x_wconf 87' lang='lat' dir='ltr'>tradidit</span> <span class='ocrx_word' id='word_1_99' title='bbox 1311 1321 1351 1365; x_wconf 81' lang='lat' dir='ltr'>S.</span> <span class='ocrx_word' id='word_1_100' title='bbox 1390 1322 1435 1364; x_wconf 88' lang='lat' dir='ltr'>P.</span> <span class='ocrx_word' id='word_1_101' title='bbox 1459 1321 1508 1364; x_wconf 89' lang='lat' dir='ltr'>N.</span> <span class='ocrx_word' id='word_1_102' title='bbox 1542 1321 1739 1366; x_wconf 82' lang='lat' dir='ltr'>sublimis</span> 
     </span>
     <span class='ocr_line' id='line_1_14' title="bbox 181 1406 1742 1460; baseline -0.001 -8"><span class='ocrx_word' id='word_1_103' title='bbox 181 1408 407 1452; x_wconf 89' lang='lat' dir='ltr'>cuiusdam</span> <span class='ocrx_word' id='word_1_104' title='bbox 440 1407 651 1451; x_wconf 88' lang='lat' dir='ltr'>orationis</span> <span class='ocrx_word' id='word_1_105' title='bbox 685 1413 728 1450; x_wconf 88' lang='lat' dir='ltr'>et</span> <span class='ocrx_word' id='word_1_106' title='bbox 759 1406 995 1460; x_wconf 82' lang='lat' dir='ltr'>singularis</span> <span class='ocrx_word' id='word_1_107' title='bbox 1023 1406 1200 1450; x_wconf 89' lang='lat' dir='ltr'>unionis</span> <span class='ocrx_word' id='word_1_108' title='bbox 1233 1421 1330 1450; x_wconf 88' lang='lat' dir='ltr'>cnm</span> <span class='ocrx_word' id='word_1_109' title='bbox 1364 1406 1453 1450; x_wconf 90' lang='lat' dir='ltr'>Deo</span> <span class='ocrx_word' id='word_1_110' title='bbox 1485 1407 1640 1451; x_wconf 91' lang='lat' dir='ltr'>modos</span> <span class='ocrx_word' id='word_1_111' title='bbox 1669 1414 1742 1451; x_wconf 90' lang='lat' dir='ltr'>aut</span> 
     </span>
     <span class='ocr_line' id='line_1_15' title="bbox 180 1491 1738 1547; baseline -0.001 -10"><span class='ocrx_word' id='word_1_112' title='bbox 180 1499 440 1547; x_wconf 81' lang='lat' dir='ltr'>praecepta3</span> <span class='ocrx_word' id='word_1_113' title='bbox 460 1492 608 1536; x_wconf 87' lang='lat' dir='ltr'>docuit</span> <span class='ocrx_word' id='word_1_114' title='bbox 624 1498 770 1536; x_wconf 88' lang='lat' dir='ltr'>tamen</span> <span class='ocrx_word' id='word_1_115' title='bbox 789 1492 842 1535; x_wconf 87' lang='lat' dir='ltr'>ad</span> <span class='ocrx_word' id='word_1_116' title='bbox 858 1493 971 1535; x_wconf 86' lang='lat' dir='ltr'>hanc</span> <span class='ocrx_word' id='word_1_117' title='bbox 988 1491 1157 1536; x_wconf 88' lang='lat' dir='ltr'>animos</span> <span class='ocrx_word' id='word_1_118' title='bbox 1175 1492 1413 1547; x_wconf 85' lang='lat' dir='ltr'>disponere</span> <span class='ocrx_word' id='word_1_119' title='bbox 1427 1492 1498 1546; x_wconf 95' lang='lat' dir='ltr'>(II,</span> <span class='ocrx_word' id='word_1_120' title='bbox 1514 1492 1609 1546; x_wconf 92' lang='lat'>379,</span> <span class='ocrx_word' id='word_1_121' title='bbox 1624 1492 1738 1547; x_wconf 86' lang='lat'>380).</span> 
     </span>
    </p>
   </div>
   <div class='ocr_carea' id='block_1_4' title="bbox 182 1608 1749 2515">
    <p class='ocr_par' dir='ltr' id='par_1_5' title="bbox 182 1608 1745 2176">
     <span class='ocr_line' id='line_1_16' title="bbox 238 1608 1742 1653; baseline 0 0"><span class='ocrx_word' id='word_1_122' title='bbox 238 1608 681 1653; x_wconf 86' lang='lat' dir='ltr'><strong>GONTIONATORES</strong></span> <span class='ocrx_word' id='word_1_123' title='bbox 708 1608 1002 1652; x_wconf 89' lang='lat' dir='ltr'>ministerium</span> <span class='ocrx_word' id='word_1_124' title='bbox 1035 1608 1202 1653; x_wconf 85' lang='lat' dir='ltr'>obeunt</span> <span class='ocrx_word' id='word_1_125' title='bbox 1229 1609 1281 1652; x_wconf 90' lang='lat' dir='ltr'>ad</span> <span class='ocrx_word' id='word_1_126' title='bbox 1310 1609 1545 1653; x_wconf 85' lang='lat' dir='ltr'>lucrandas</span> <span class='ocrx_word' id='word_1_127' title='bbox 1574 1609 1742 1653; x_wconf 88' lang='lat' dir='ltr'>animas</span> 
     </span>
     <span class='ocr_line' id='line_1_17' title="bbox 183 1693 1741 1748; baseline 0.001 -11"><span class='ocrx_word' id='word_1_128' title='bbox 183 1694 456 1748; x_wconf 87' lang='lat' dir='ltr'>aptissimum</span> <span class='ocrx_word' id='word_1_129' title='bbox 479 1694 529 1747; x_wconf 90' lang='grc' dir='ltr'>(Ι,</span> <span class='ocrx_word' id='word_1_130' title='bbox 552 1693 648 1747; x_wconf 89' lang='grc'>280,</span> <span class='ocrx_word' id='word_1_131' title='bbox 672 1693 784 1747; x_wconf 92' lang='grc'>338),</span> <span class='ocrx_word' id='word_1_132' title='bbox 818 1694 1032 1747; x_wconf 82' lang='lat' dir='ltr'>multique</span> <span class='ocrx_word' id='word_1_133' title='bbox 1053 1694 1136 1737; x_wconf 84' lang='lat' dir='ltr'>hoc</span> <span class='ocrx_word' id='word_1_134' title='bbox 1157 1708 1342 1737; x_wconf 86' lang='lat' dir='ltr'>munere</span> <span class='ocrx_word' id='word_1_135' title='bbox 1374 1695 1638 1748; x_wconf 79' lang='lat' dir='ltr'>funguntur,</span> <span class='ocrx_word' id='word_1_136' title='bbox 1665 1695 1741 1739; x_wconf 88' lang='lat' dir='ltr'>sed</span> 
     </span>
     <span class='ocr_line' id='line_1_18' title="bbox 183 1779 1745 1834; baseline 0.001 -11"><span class='ocrx_word' id='word_1_137' title='bbox 183 1794 237 1824; x_wconf 88' lang='lat' dir='ltr'>an</span> <span class='ocrx_word' id='word_1_138' title='bbox 272 1780 387 1824; x_wconf 87' lang='lat' dir='ltr'>bene</span> <span class='ocrx_word' id='word_1_139' title='bbox 423 1779 611 1823; x_wconf 79' lang='lat' dir='ltr'>dubitari</span> <span class='ocrx_word' id='word_1_140' title='bbox 645 1785 793 1834; x_wconf 91' lang='lat' dir='ltr'>potest</span> <span class='ocrx_word' id='word_1_141' title='bbox 828 1780 918 1832; x_wconf 86' lang='lat' dir='ltr'>(III,</span> <span class='ocrx_word' id='word_1_142' title='bbox 947 1779 1043 1834; x_wconf 78' lang='lat'>271,</span> <span class='ocrx_word' id='word_1_143' title='bbox 1076 1779 1189 1833; x_wconf 88' lang='lat'>339).</span> <span class='ocrx_word' id='word_1_144' title='bbox 1228 1779 1463 1824; x_wconf 89' lang='lat' dir='ltr'>Formandi</span> <span class='ocrx_word' id='word_1_145' title='bbox 1499 1795 1606 1834; x_wconf 80' lang='lat' dir='ltr'>ergo</span> <span class='ocrx_word' id='word_1_146' title='bbox 1643 1788 1745 1825; x_wconf 89' lang='lat' dir='ltr'>sunt</span> 
     </span>
     <span class='ocr_line' id='line_1_19' title="bbox 183 1865 1745 1920; baseline 0.001 -10"><span class='ocrx_word' id='word_1_147' title='bbox 183 1867 234 1920; x_wconf 92' lang='grc' dir='ltr'>(Ι,</span> <span class='ocrx_word' id='word_1_148' title='bbox 258 1865 350 1909; x_wconf 90' lang='grc'>338.</span> <span class='ocrx_word' id='word_1_149' title='bbox 378 1866 449 1918; x_wconf 90' lang='grc' dir='ltr'>ΙΙΙ,</span> <span class='ocrx_word' id='word_1_150' title='bbox 487 1865 579 1918; x_wconf 92' lang='grc'>150,</span> <span class='ocrx_word' id='word_1_151' title='bbox 616 1865 809 1919; x_wconf 86' lang='grc'>197-200,</span> <span class='ocrx_word' id='word_1_152' title='bbox 833 1865 928 1909; x_wconf 89' lang='grc'>274.</span> <span class='ocrx_word' id='word_1_153' title='bbox 953 1865 1020 1909; x_wconf 92' lang='lat' dir='ltr'>lV.</span> <span class='ocrx_word' id='word_1_154' title='bbox 1045 1865 1131 1919; x_wconf 80' lang='lat'>59),</span> <span class='ocrx_word' id='word_1_155' title='bbox 1157 1871 1199 1909; x_wconf 87' lang='lat' dir='ltr'>et</span> <span class='ocrx_word' id='word_1_156' title='bbox 1227 1866 1270 1909; x_wconf 93' lang='lat' dir='ltr'>in</span> <span class='ocrx_word' id='word_1_157' title='bbox 1299 1866 1546 1911; x_wconf 87' lang='lat' dir='ltr'>iunioribus</span> <span class='ocrx_word' id='word_1_158' title='bbox 1579 1867 1745 1911; x_wconf 89' lang='lat' dir='ltr'>contio-</span> 
     </span>
     <span class='ocr_line' id='line_1_20' title="bbox 184 1950 1741 2007; baseline 0.001 -13"><span class='ocrx_word' id='word_1_159' title='bbox 184 1951 316 1994; x_wconf 87' lang='lat' dir='ltr'>nandi</span> <span class='ocrx_word' id='word_1_160' title='bbox 336 1950 519 1994; x_wconf 83' lang='lat' dir='ltr'>facultas</span> <span class='ocrx_word' id='word_1_161' title='bbox 551 1950 778 1994; x_wconf 79' lang='lat' dir='ltr'>excitanda</span> <span class='ocrx_word' id='word_1_162' title='bbox 801 1951 872 2004; x_wconf 93' lang='grc' dir='ltr'>(ΙΙ,</span> <span class='ocrx_word' id='word_1_163' title='bbox 903 1951 989 2003; x_wconf 87' lang='grc'>44).</span> <span class='ocrx_word' id='word_1_164' title='bbox 1026 1950 1119 2002; x_wconf 88' lang='lat' dir='ltr'>Quo</span> <span class='ocrx_word' id='word_1_165' title='bbox 1155 1965 1259 1995; x_wconf 87' lang='lat' dir='ltr'>vero</span> <span class='ocrx_word' id='word_1_166' title='bbox 1293 1951 1450 1995; x_wconf 89' lang='lat' dir='ltr'>melius</span> <span class='ocrx_word' id='word_1_167' title='bbox 1477 1952 1741 2007; x_wconf 84' lang='lat' dir='ltr'>formentur,</span> 
     </span>
     <span class='ocr_line' id='line_1_21' title="bbox 182 2035 1742 2092; baseline 0.001 -12"><span class='ocrx_word' id='word_1_168' title='bbox 182 2037 432 2080; x_wconf 88' lang='lat' dir='ltr'>indicantur</span> <span class='ocrx_word' id='word_1_169' title='bbox 448 2035 733 2080; x_wconf 71' lang='lat' dir='ltr'>Aclc&#39;umenta</span> <span class='ocrx_word' id='word_1_170' title='bbox 755 2042 924 2089; x_wconf 87' lang='lat' dir='ltr'>septem</span> <span class='ocrx_word' id='word_1_171' title='bbox 948 2037 998 2089; x_wconf 91' lang='lat' dir='ltr'>(l,</span> <span class='ocrx_word' id='word_1_172' title='bbox 1024 2036 1238 2090; x_wconf 85' lang='grc'>339-344),</span> <span class='ocrx_word' id='word_1_173' title='bbox 1264 2037 1592 2091; x_wconf 65' lang='lat' dir='ltr'>impedimenta</span> <span class='ocrx_word' id='word_1_174' title='bbox 1616 2039 1742 2092; x_wconf 88' lang='lat' dir='ltr'>quin-</span> 
     </span>
     <span class='ocr_line' id='line_1_22' title="bbox 185 2120 1523 2176; baseline 0.001 -12"><span class='ocrx_word' id='word_1_175' title='bbox 185 2121 325 2166; x_wconf 87' lang='lat' dir='ltr'>decim</span> <span class='ocrx_word' id='word_1_176' title='bbox 347 2122 396 2174; x_wconf 80' lang='grc' dir='ltr'>(Ι,</span> <span class='ocrx_word' id='word_1_177' title='bbox 416 2120 614 2175; x_wconf 85' lang='grc'>344-353)</span> <span class='ocrx_word' id='word_1_178' title='bbox 636 2127 679 2165; x_wconf 88' lang='lat' dir='ltr'>et</span> <span class='ocrx_word' id='word_1_179' title='bbox 699 2121 930 2165; x_wconf 86' lang='lat' dir='ltr'>duodecim</span> <span class='ocrx_word' id='word_1_180' title='bbox 954 2121 1214 2165; x_wconf 68' lang='lat' dir='ltr'>industriae</span> <span class='ocrx_word' id='word_1_181' title='bbox 1235 2122 1285 2175; x_wconf 88' lang='grc' dir='ltr'>(Ι,</span> <span class='ocrx_word' id='word_1_182' title='bbox 1310 2122 1523 2176; x_wconf 90' lang='grc'>353-358).</span> 
     </span>
    </p>

    <p class='ocr_par' dir='ltr' id='par_1_6' title="bbox 185 2205 1749 2515">
     <span class='ocr_line' id='line_1_23' title="bbox 239 2205 1748 2261; baseline 0.002 -12"><span class='ocrx_word' id='word_1_183' title='bbox 239 2205 428 2250; x_wconf 88' lang='lat' dir='ltr'>Formati</span> <span class='ocrx_word' id='word_1_184' title='bbox 466 2206 723 2259; x_wconf 88' lang='lat' dir='ltr'>humilitate,</span> <span class='ocrx_word' id='word_1_185' title='bbox 764 2206 977 2259; x_wconf 83' lang='lat' dir='ltr'>patientia</span> <span class='ocrx_word' id='word_1_186' title='bbox 1013 2213 1056 2250; x_wconf 90' lang='lat' dir='ltr'>et</span> <span class='ocrx_word' id='word_1_187' title='bbox 1092 2207 1274 2250; x_wconf 86' lang='lat' dir='ltr'>caritate</span> <span class='ocrx_word' id='word_1_188' title='bbox 1313 2213 1542 2261; x_wconf 85' lang='lat' dir='ltr'>praestare</span> <span class='ocrx_word' id='word_1_189' title='bbox 1585 2208 1748 2252; x_wconf 86' lang='lat' dir='ltr'>debent</span> 
     </span>
     <span class='ocr_line' id='line_1_24' title="bbox 185 2290 1749 2346; baseline 0.001 -12"><span class='ocrx_word' id='word_1_190' title='bbox 185 2292 237 2343; x_wconf 90' lang='grc'>(1,</span> <span class='ocrx_word' id='word_1_191' title='bbox 262 2290 355 2343; x_wconf 88' lang='grc'>16);</span> <span class='ocrx_word' id='word_1_192' title='bbox 379 2290 567 2343; x_wconf 80' lang='lat' dir='ltr'>flagrent</span> <span class='ocrx_word' id='word_1_193' title='bbox 587 2290 678 2334; x_wconf 91' lang='lat' dir='ltr'>zelo</span> <span class='ocrx_word' id='word_1_194' title='bbox 700 2304 807 2333; x_wconf 86' lang='lat' dir='ltr'>vero</span> <span class='ocrx_word' id='word_1_195' title='bbox 825 2291 874 2342; x_wconf 86' lang='lat' dir='ltr'>(I,</span> <span class='ocrx_word' id='word_1_196' title='bbox 895 2290 989 2343; x_wconf 88' lang='grc'>375,</span> <span class='ocrx_word' id='word_1_197' title='bbox 1010 2290 1129 2344; x_wconf 85' lang='grc'>376);</span> <span class='ocrx_word' id='word_1_198' title='bbox 1154 2291 1390 2344; x_wconf 83' lang='lat' dir='ltr'>diligenter</span> <span class='ocrx_word' id='word_1_199' title='bbox 1412 2306 1458 2336; x_wconf 91' lang='lat' dir='ltr'>se</span> <span class='ocrx_word' id='word_1_200' title='bbox 1479 2299 1749 2346; x_wconf 86' lang='lat' dir='ltr'>praeparent</span> 
     </span>
     <span class='ocr_line' id='line_1_25' title="bbox 186 2375 1749 2431; baseline 0.003 -14"><span class='ocrx_word' id='word_1_201' title='bbox 186 2376 275 2428; x_wconf 84' lang='lat'>(111,</span> <span class='ocrx_word' id='word_1_202' title='bbox 293 2375 513 2427; x_wconf 87' lang='grc'>167-171);</span> <span class='ocrx_word' id='word_1_203' title='bbox 535 2380 714 2418; x_wconf 86' lang='lat' dir='ltr'>servent</span> <span class='ocrx_word' id='word_1_204' title='bbox 735 2388 835 2418; x_wconf 87' lang='lat' dir='ltr'>suas</span> <span class='ocrx_word' id='word_1_205' title='bbox 857 2375 1032 2428; x_wconf 81' lang='lat' dir='ltr'>regulas</span> <span class='ocrx_word' id='word_1_206' title='bbox 1049 2376 1098 2427; x_wconf 88' lang='lat' dir='ltr'>(I,</span> <span class='ocrx_word' id='word_1_207' title='bbox 1117 2376 1207 2426; x_wconf 77' lang='lat'>196,</span> <span class='ocrx_word' id='word_1_208' title='bbox 1222 2375 1318 2430; x_wconf 86' lang='lat'>280,</span> <span class='ocrx_word' id='word_1_209' title='bbox 1336 2376 1449 2430; x_wconf 89' lang='grc'>281),</span> <span class='ocrx_word' id='word_1_210' title='bbox 1468 2378 1749 2431; x_wconf 86' lang='lat' dir='ltr'>praesertim-</span> 
     </span>
     <span class='ocr_line' id='line_1_26' title="bbox 188 2460 1747 2515; baseline 0.003 -13"><span class='ocrx_word' id='word_1_211' title='bbox 188 2474 273 2514; x_wconf 83' lang='lat' dir='ltr'>que</span> <span class='ocrx_word' id='word_1_212' title='bbox 307 2460 351 2503; x_wconf 87' lang='lat' dir='ltr'>in</span> <span class='ocrx_word' id='word_1_213' title='bbox 387 2460 683 2503; x_wconf 86' lang='lat' dir='ltr'>contionando</span> <span class='ocrx_word' id='word_1_214' title='bbox 725 2460 951 2513; x_wconf 81' lang='lat' dir='ltr'>antiquum</span> <span class='ocrx_word' id='word_1_215' title='bbox 988 2460 1107 2504; x_wconf 87' lang='lat' dir='ltr'>illum</span> <span class='ocrx_word' id='word_1_216' title='bbox 1144 2468 1187 2504; x_wconf 92' lang='lat' dir='ltr'>et</span> <span class='ocrx_word' id='word_1_217' title='bbox 1224 2475 1484 2515; x_wconf 83' lang='lat' dir='ltr'>germanum</span> <span class='ocrx_word' id='word_1_218' title='bbox 1519 2462 1747 2508; x_wconf 85' lang='lat' dir='ltr'>Societatis</span> 
     </span>
    </p>
   </div>
   <div class='ocr_carea' id='block_1_5' title="bbox 187 2544 1746 2684">
    <p class='ocr_par' dir='ltr' id='par_1_7' title="bbox 187 2544 1746 2684">
     <span class='ocr_line' id='line_1_27' title="bbox 187 2544 1746 2603; baseline 0.003 -16"><span class='ocrx_word' id='word_1_219' title='bbox 187 2544 365 2588; x_wconf 88' lang='lat' dir='ltr'>modum</span> <span class='ocrx_word' id='word_1_220' title='bbox 387 2545 437 2597; x_wconf 85' lang='lat'>(1,</span> <span class='ocrx_word' id='word_1_221' title='bbox 459 2544 569 2597; x_wconf 87' lang='lat'>113).</span> <span class='ocrx_word' id='word_1_222' title='bbox 596 2544 675 2596; x_wconf 84' lang='lat' dir='ltr'>Qui</span> <span class='ocrx_word' id='word_1_223' title='bbox 700 2558 745 2588; x_wconf 87' lang='lat' dir='ltr'>se</span> <span class='ocrx_word' id='word_1_224' title='bbox 777 2545 835 2588; x_wconf 90' lang='lat' dir='ltr'>ita</span> <span class='ocrx_word' id='word_1_225' title='bbox 867 2559 1136 2599; x_wconf 82' lang='lat' dir='ltr'>componere</span> <span class='ocrx_word' id='word_1_226' title='bbox 1166 2546 1407 2601; x_wconf 83' lang='lat' dir='ltr'>neglegunt</span> <span class='ocrx_word' id='word_1_227' title='bbox 1429 2547 1495 2591; x_wconf 86' lang='lat' dir='ltr'>vel</span> <span class='ocrx_word' id='word_1_228' title='bbox 1528 2548 1746 2603; x_wconf 88' lang='lat' dir='ltr'>nesciunt,</span> 
     </span>
     <span class='ocr_line' id='line_1_28' title="bbox 187 2630 1090 2684; baseline 0 -11"><span class='ocrx_word' id='word_1_229' title='bbox 187 2630 335 2674; x_wconf 90' lang='lat' dir='ltr'>idonei</span> <span class='ocrx_word' id='word_1_230' title='bbox 359 2644 444 2673; x_wconf 89' lang='lat' dir='ltr'>non</span> <span class='ocrx_word' id='word_1_231' title='bbox 469 2636 570 2674; x_wconf 89' lang='lat' dir='ltr'>sunt</span> <span class='ocrx_word' id='word_1_232' title='bbox 591 2636 634 2673; x_wconf 88' lang='lat' dir='ltr'>et</span> <span class='ocrx_word' id='word_1_233' title='bbox 654 2630 885 2673; x_wconf 83' lang='lat' dir='ltr'>amovendi</span> <span class='ocrx_word' id='word_1_234' title='bbox 908 2631 957 2681; x_wconf 88' lang='lat' dir='ltr'>(I,</span> <span class='ocrx_word' id='word_1_235' title='bbox 978 2632 1090 2684; x_wconf 87' lang='grc'>114).</span> 
     </span>
    </p>
   </div>
   <div class='ocr_carea' id='block_1_6' title="bbox 189 2735 1750 3046">
    <p class='ocr_par' dir='ltr' id='par_1_8' title="bbox 189 2735 1750 3046">
     <span class='ocr_line' id='line_1_29' title="bbox 244 2735 1750 2790; baseline 0.003 -11"><span class='ocrx_word' id='word_1_236' title='bbox 244 2735 621 2780; x_wconf 86' lang='lat' dir='ltr'><strong>CONVERSATIO</strong></span> <span class='ocrx_word' id='word_1_237' title='bbox 667 2749 765 2778; x_wconf 88' lang='lat' dir='ltr'>cum</span> <span class='ocrx_word' id='word_1_238' title='bbox 796 2735 1011 2790; x_wconf 80' lang='lat' dir='ltr'>AEgyptiis</span> <span class='ocrx_word' id='word_1_239' title='bbox 1041 2736 1207 2780; x_wconf 90' lang='lat' dir='ltr'>homini</span> <span class='ocrx_word' id='word_1_240' title='bbox 1246 2750 1334 2781; x_wconf 88' lang='lat' dir='ltr'>non</span> <span class='ocrx_word' id='word_1_241' title='bbox 1373 2737 1634 2782; x_wconf 88' lang='lat' dir='ltr'>circumciso</span> <span class='ocrx_word' id='word_1_242' title='bbox 1667 2752 1750 2783; x_wconf 86' lang='lat' dir='ltr'>nec</span> 
     </span>
     <span class='ocr_line' id='line_1_30' title="bbox 190 2820 1749 2877; baseline 0.003 -14"><span class='ocrx_word' id='word_1_243' title='bbox 190 2820 450 2864; x_wconf 87' lang='lat' dir='ltr'>mortificato</span> <span class='ocrx_word' id='word_1_244' title='bbox 472 2820 571 2874; x_wconf 91' lang='lat' dir='ltr'>plus</span> <span class='ocrx_word' id='word_1_245' title='bbox 593 2820 739 2863; x_wconf 89' lang='lat' dir='ltr'>damni</span> <span class='ocrx_word' id='word_1_246' title='bbox 764 2834 892 2874; x_wconf 86' lang='lat' dir='ltr'>quam</span> <span class='ocrx_word' id='word_1_247' title='bbox 915 2821 1111 2865; x_wconf 86' lang='lat' dir='ltr'>utilitatis</span> <span class='ocrx_word' id='word_1_248' title='bbox 1133 2821 1292 2866; x_wconf 81' lang='lat' dir='ltr'>afferre</span> <span class='ocrx_word' id='word_1_249' title='bbox 1315 2822 1426 2866; x_wconf 86' lang='lat' dir='ltr'>solet</span> <span class='ocrx_word' id='word_1_250' title='bbox 1445 2823 1497 2876; x_wconf 89' lang='grc' dir='ltr'>(Ι,</span> <span class='ocrx_word' id='word_1_251' title='bbox 1520 2823 1606 2876; x_wconf 89' lang='grc'>58),</span> <span class='ocrx_word' id='word_1_252' title='bbox 1632 2824 1749 2877; x_wconf 78' lang='lat' dir='ltr'>quod</span> 
     </span>
     <span class='ocr_line' id='line_1_31' title="bbox 189 2905 1747 2962; baseline 0.003 -14"><span class='ocrx_word' id='word_1_253' title='bbox 189 2906 435 2960; x_wconf 84' lang='lat' dir='ltr'>periculum</span> <span class='ocrx_word' id='word_1_254' title='bbox 470 2905 656 2949; x_wconf 81' lang='lat' dir='ltr'>maxime</span> <span class='ocrx_word' id='word_1_255' title='bbox 690 2905 733 2948; x_wconf 94' lang='lat' dir='ltr'>in</span> <span class='ocrx_word' id='word_1_256' title='bbox 769 2905 1046 2959; x_wconf 88' lang='lat' dir='ltr'>dispersione</span> <span class='ocrx_word' id='word_1_257' title='bbox 1081 2907 1324 2951; x_wconf 88' lang='lat' dir='ltr'>cavendum</span> <span class='ocrx_word' id='word_1_258' title='bbox 1360 2908 1451 2962; x_wconf 93' lang='lat' dir='ltr'>(III,</span> <span class='ocrx_word' id='word_1_259' title='bbox 1486 2908 1580 2962; x_wconf 90' lang='lat'>175,</span> <span class='ocrx_word' id='word_1_260' title='bbox 1616 2909 1747 2962; x_wconf 87' lang='lat'>201):</span> 
     </span>
     <span class='ocr_line' id='line_1_32' title="bbox 193 2991 1198 3046; baseline 0.002 -12"><span class='ocrx_word' id='word_1_261' title='bbox 193 2991 282 3035; x_wconf 73' lang='lat' dir='ltr'>vid.</span> <span class='ocrx_word' id='word_1_262' title='bbox 308 2991 551 3046; x_wconf 85' lang='lat' dir='ltr'>Dispersio.</span> <span class='ocrx_word' id='word_1_263' title='bbox 576 2992 779 3045; x_wconf 80' lang='lat' dir='ltr'>Externi,</span> <span class='ocrx_word' id='word_1_264' title='bbox 801 2992 1028 3037; x_wconf 84' lang='lat' dir='ltr'>Externus</span> <span class='ocrx_word' id='word_1_265' title='bbox 1049 2994 1198 3038; x_wconf 87' lang='lat' dir='ltr'>homo.</span> 
     </span>
    </p>
   </div>
   <div class='ocr_carea' id='block_1_7' title="bbox 193 3106 1750 3249">
    <p class='ocr_par' dir='ltr' id='par_1_9' title="bbox 193 3106 1750 3249">
     <span class='ocr_line' id='line_1_33' title="bbox 245 3106 1749 3163; baseline 0.001 -12"><span class='ocrx_word' id='word_1_266' title='bbox 245 3106 542 3151; x_wconf 87' lang='lat' dir='ltr'>CORRECTIO</span> <span class='ocrx_word' id='word_1_267' title='bbox 564 3106 810 3150; x_wconf 87' lang='lat' dir='ltr'>adhibenda</span> <span class='ocrx_word' id='word_1_268' title='bbox 840 3107 1091 3152; x_wconf 88' lang='lat' dir='ltr'>errantibus</span> <span class='ocrx_word' id='word_1_269' title='bbox 1112 3108 1182 3161; x_wconf 90' lang='lat' dir='ltr'>(II,</span> <span class='ocrx_word' id='word_1_270' title='bbox 1207 3108 1291 3161; x_wconf 86' lang='lat'>21),</span> <span class='ocrx_word' id='word_1_271' title='bbox 1314 3114 1357 3152; x_wconf 90' lang='lat' dir='ltr'>et</span> <span class='ocrx_word' id='word_1_272' title='bbox 1376 3108 1483 3162; x_wconf 88' lang='lat' dir='ltr'>ipsis</span> <span class='ocrx_word' id='word_1_273' title='bbox 1505 3108 1749 3163; x_wconf 90' lang='lat' dir='ltr'>Superiori-</span> 
     </span>
     <span class='ocr_line' id='line_1_34' title="bbox 193 3190 1750 3249; baseline 0.003 -14"><span class='ocrx_word' id='word_1_274' title='bbox 193 3190 273 3236; x_wconf 90' lang='lat' dir='ltr'>bus</span> <span class='ocrx_word' id='word_1_275' title='bbox 293 3191 366 3236; x_wconf 81' lang='lat' dir='ltr'>ubi</span> <span class='ocrx_word' id='word_1_276' title='bbox 390 3205 501 3246; x_wconf 89' lang='lat' dir='ltr'>opus</span> <span class='ocrx_word' id='word_1_277' title='bbox 522 3191 606 3237; x_wconf 87' lang='lat' dir='ltr'>erit</span> <span class='ocrx_word' id='word_1_278' title='bbox 625 3192 674 3245; x_wconf 91' lang='lat' dir='ltr'>(I,</span> <span class='ocrx_word' id='word_1_279' title='bbox 695 3191 792 3246; x_wconf 88' lang='lat'>191)</span> <span class='ocrx_word' id='word_1_280' title='bbox 811 3206 820 3235; x_wconf 89' lang='lat'>:</span> <span class='ocrx_word' id='word_1_281' title='bbox 838 3191 882 3235; x_wconf 90' lang='lat' dir='ltr'>in</span> <span class='ocrx_word' id='word_1_282' title='bbox 904 3206 991 3246; x_wconf 84' lang='lat' dir='ltr'>qua</span> <span class='ocrx_word' id='word_1_283' title='bbox 1011 3207 1060 3237; x_wconf 87' lang='lat' dir='ltr'>re</span> <span class='ocrx_word' id='word_1_284' title='bbox 1081 3192 1228 3238; x_wconf 90' lang='lat' dir='ltr'><strong>S.P.N.</strong></span> <span class='ocrx_word' id='word_1_285' title='bbox 1255 3194 1449 3248; x_wconf 83' lang='lat' dir='ltr'>Ignatius</span> <span class='ocrx_word' id='word_1_286' title='bbox 1471 3199 1562 3239; x_wconf 86' lang='lat' dir='ltr'>tres</span> <span class='ocrx_word' id='word_1_287' title='bbox 1584 3194 1750 3249; x_wconf 86' lang='lat' dir='ltr'>gradus</span> 
     </span>
    </p>
   </div>
  </div>
 </body>
</html>
