2315 3559
229 1124 410 1157 Industr.

178 1166 279 1197 c.17.
297 1175 337 1197 11.
356 1167 405 1198 12.
420 1168 471 1200 cs.

231 1207 286 1238 ib.
301 1209 407 1240 n.15.

266 1954 362 1985 Part

194 1996 226 2026 3.
244 2003 276 2026 c.
293 1997 323 2026 9.
342 2006 382 2028 11.
397 1998 450 2030 20.

219 2840 350 2872 Tract.
367 2840 410 2872 in

163 2882 319 2913 summ.
337 2883 472 2915 ConSt.

215 2924 361 2962 Opusc.
392 2925 422 2955 1.

194 2964 302 2995 Part.
319 2965 349 2996 1.
367 2964 397 3005 §-
411 2966 443 2997 2.

535 197 637 253 0244
708 216 958 256 EPISTOLA
996 218 1045 257 R.
1089 219 1135 257 P.
1177 220 1230 258 N.
1272 220 1391 259 ANT.
1441 220 1566 259 MAR.
1614 221 1923 260 ANDERLEDY

604 360 705 416 Sed
751 370 830 417 est
866 363 1011 418 aliud
1056 381 1276 432 quoque
1318 382 1486 431 genus
1525 366 1725 421 nimiae
1764 366 1819 420 in
1865 367 2098 422 videndo

537 469 588 515 et
648 462 975 530 inquirendo
1037 464 1368 532 diligentiae,
1428 483 1618 521 eorum
1672 467 1954 534 nimirum,
2002 467 2097 535 qui

535 561 679 628 pleni
718 562 968 630 negotiis,
1012 562 1066 616 in
1104 562 1277 617 aliena
1316 581 1372 618 re
1411 565 1628 633 curiosi,
1671 583 1850 621 mores
1884 573 1936 620 et
1962 566 2099 620 faeta

535 661 766 715 aliorum
819 663 1095 730 explorare
1144 680 1252 717 non
1303 672 1567 719 metuunt.
1618 664 1788 728 Quam
1833 664 2100 720 odorandi

537 761 720 815 omnia
765 769 816 815 et
866 761 1160 828 indagandi
1210 762 1493 818 libidinem
1544 765 1788 833 sequitur
1831 773 1891 819 ut
1934 764 2102 833 pluri-

540 877 690 914 mum
753 861 1089 915 obtrectandi
1152 861 1460 917 miseranda
1521 864 1874 919 consuetudo,
1922 865 2098 933 Atque

539 960 746 1014 utinam
810 978 1111 1028 numquam
1173 961 1381 1017 accidat
1440 964 1586 1032 quod
1656 972 1870 1019 veretur
1920 964 1982 1018 R.
2037 964 2093 1018 P.

538 1061 834 1129 Aquaviva,
883 1061 1015 1116 illud
1061 1062 1280 1131 scilicet,
1333 1081 1399 1118 ne
1443 1064 1584 1133 quis,
1638 1073 1697 1119 ut
1745 1065 1838 1133 ait,
1893 1066 2102 1120 incidat

539 1162 595 1214 in
642 1163 885 1226 mortale,
940 1164 1077 1232 quod
1116 1164 1177 1217 in
1226 1164 1546 1219 huiusmodi
1587 1165 1748 1233 facite
1795 1172 1888 1220 est.

604 1260 705 1314 Res
742 1278 869 1316 sane
896 1262 1187 1330 horrenda,
1218 1280 1383 1331 quam
1421 1263 1786 1318 Catechismus
1823 1264 2098 1319 Romanus

531 1360 604 1414 ita
665 1361 904 1430 damnat,
957 1371 1017 1417 ut
1065 1380 1304 1418 asserere
1353 1381 1461 1419 non
1513 1364 1741 1433 dubitet,
1795 1382 1939 1433 eum,
2004 1366 2101 1435 qui

531 1461 592 1514 in
651 1478 706 1515 eo
750 1468 958 1529 peccato
1015 1463 1105 1528 sit,
1168 1463 1310 1517 hunc
1366 1464 1646 1518 addictum
1693 1481 1801 1518 esse
1861 1465 2097 1519 aeternis

531 1560 837 1628 inferorum
880 1563 1086 1630 poenis.
1140 1563 1320 1632 Neque
1369 1563 1518 1617 enim
1576 1564 1854 1633 quispiam
1903 1570 2093 1632 speret,

529 1678 582 1715 se
608 1661 1021 1716 calumniarum
1057 1663 1138 1717 vet
1163 1663 1561 1717 obtrectationis
1598 1664 1814 1718 veniam
1849 1664 2099 1733 consequi

525 1779 694 1829 posse,
725 1763 840 1817 nisi
859 1764 1023 1830 prius
1047 1764 1100 1817 ei
1124 1764 1446 1832 satisfaciat,
1478 1766 1540 1818 de
1567 1765 1722 1818 cuius
1748 1765 2017 1833 diynitate
2049 1770 2098 1818 et

532 1862 685 1930 fama
723 1869 817 1916 aut
838 1864 1054 1930 publice
1082 1864 1141 1918 in
1169 1864 1392 1929 iudicio,
1424 1871 1520 1918 aut
1555 1865 1723 1919 etiam
1763 1865 1823 1919 in
1855 1865 2097 1932 privatis

530 1968 579 2016 et
615 1963 998 2031 familiaribus
1035 1964 1401 2032 conyressibus
1438 1965 1655 2034 aliquid
1691 1966 2003 2020 detratcerit.

598 2062 790 2117 Severe
817 2064 947 2118 haec
970 2064 1111 2118 dicta
1133 2072 1275 2132 sunt,
1305 2064 1398 2118 sed
1421 2064 1553 2119 illud
1582 2066 1806 2119 fortasse
1833 2065 2090 2133 severiUS,

529 2163 675 2230 quod
704 2180 764 2217 ex
791 2162 840 2217 S.
872 2163 992 2217 Nilo
1020 2166 1184 2218 rel‘ert
1204 2163 1527 2219 Orlandinus
1555 2172 1754 2220 noster.
1786 2165 2090 2233 Neminem,

528 2262 603 2315 ait
640 2262 809 2330 Nilus,
852 2270 1077 2318 manent
1124 2265 1352 2318 certiora
1393 2265 1685 2332 supplicia,
1728 2283 1893 2334 quam
1931 2265 2095 2319 illum

527 2363 624 2432 qui
666 2364 930 2417 vitiorum
954 2382 1179 2419 suorum
1222 2365 1516 2433 discipulos
1541 2365 1690 2433 facit.
1737 2365 2094 2420 Imitantium

528 2465 678 2518 enim
746 2465 1004 2520 interitus
1064 2483 1368 2533 poenarum
1434 2466 1877 2535 magnitudinem
1948 2466 2097 2536 offert

525 2564 876 2631 praeceptori,
901 2581 994 2618 nec
1033 2570 1213 2619 tamen
1249 2565 1513 2633 discipuli
1542 2583 1804 2634 magnam
1841 2564 2096 2635 effuyient

529 2663 955 2729 damnationem,
1004 2681 1125 2717 cum
1170 2665 1231 2719 in
1273 2665 1538 2733 mayistro
1580 2682 1643 2719 ea
1687 2664 1920 2732 turpiter
1963 2664 2093 2717 imi-

533 2769 728 2830 tentur,
777 2780 929 2831 quae,
972 2763 1057 2816 uti
1101 2763 1270 2831 foeda,
1312 2764 1524 2819 ratione
1567 2764 1689 2832 ipsa
1736 2765 1865 2818 duce
1907 2763 2093 2832 fuyere

529 2863 851 2918 debuissent.

598 2962 739 3016 llaec
772 2962 995 3030 quidem
1021 2970 1207 3016 contra
1234 2980 1324 3018 eos
1351 2962 1551 3032 scripta
1577 2970 1718 3030 sunt,
1749 2962 1843 3030 qui
1877 2962 2091 3017 obstant

527 3063 729 3132 regulis
773 3071 825 3118 et
868 3062 1178 3130 religiosam
1223 3063 1567 3133 disciplinam
1612 3063 1933 3132 impediunt.
1989 3063 2090 3118 Par

525 3172 605 3218 est
664 3171 846 3218 autem
909 3180 1097 3218 eorum
1160 3163 1317 3232 ratio,
1382 3164 1477 3233 qui
1539 3165 1605 3219 de
1665 3162 1884 3219 alterius
1947 3163 2087 3218 fama
