2315 3559
588 194 689 251 0270
847 213 1096 252 EPISTOLA
1135 215 1183 253 R.
1228 215 1273 253 r.
1317 216 1368 253 N.
1412 213 1655 253 LUnovlffl
1696 215 1893 255 MAR'rlN

215 364 446 408 habendae
486 364 542 408 oh
585 357 874 419 carissimi,
923 360 1113 414 hortor
1156 377 1269 426 VOS,
1318 367 1377 413 ut
1421 360 1743 427 promeritas
1791 377 2004 415 mecum
2049 362 2152 416 sol-

243 420 514 473 singularem

214 474 543 529 redintegratae
587 458 722 513 vatis
790 459 973 513 laudes
1030 467 1082 513 et
1135 459 1336 525 gratias
1389 459 1493 515 Deo
1552 478 1611 514 ac
1660 460 1889 515 Domino
1944 469 2146 530 nostro,

260 530 488 575 Societatis

277 586 471 629 tutelam.

271 1564 372 1605 Eph.
395 1565 426 1596 2.
443 1564 475 1596 7.

255 1771 344 1814 Deo
364 1772 494 1815 etiam

262 1826 475 1871 debemus

253 1882 482 1926 restitutae

261 1937 489 1982 Societatis

253 1992 480 2036 incolumi-

225 2054 357 2092 tatem
380 2054 424 2092 et
444 2048 506 2093 in-

217 2109 493 2147 crementum
510 2118 520 2158 ;

588 559 730 613 Patri
777 558 1299 625 misericordiarum,
1355 560 1448 627 qui
1501 560 1786 614 minimam
1830 561 1967 614 hanc
2030 561 2151 615 Filii

586 657 666 711 sui
695 657 1015 712 Societatem
1066 657 1314 725 benignis
1353 659 1558 727 aspexit
1601 659 1789 727 oculiS,
1842 677 1904 714 ac
1947 668 2152 728 postre-

585 757 686 810 mis
729 757 874 811 hisce
907 756 1238 825 temporibus
1285 771 1311 806 c(
1348 758 1473 812 fecit
1510 758 1808 827 potentiam
1848 759 1902 813 in
1928 759 2150 814 brachio

584 873 680 909 suo
710 875 756 923 )>,
787 864 846 909 ut
884 855 1031 910 illam
1076 864 1262 911 contra
1301 857 1626 913 irruentium
1665 858 2012 914 inimicorum
2051 859 2152 914 im-

584 963 768 1022 petum
814 973 910 1010 suo
950 956 1173 1011 numine
1217 964 1503 1026 tutaretur,
1551 967 1604 1013 et
1642 976 1737 1027 per
1781 958 1987 1014 medias
2015 958 2152 1013 diffi-

583 1055 806 1109 cultates
857 1063 1079 1122 augeret
1123 1064 1174 1110 et
1220 1065 1564 1126 propagaret.
1613 1058 1711 1122 Qui
1751 1059 1898 1114 enim
1937 1076 2151 1113 summa

583 1155 832 1222 largitate
882 1164 934 1211 et
982 1156 1247 1225 sapientia
1306 1158 1513 1225 Ignatio
1564 1177 1692 1214 usus
1738 1168 1817 1214 est
1860 1160 2007 1214 fideli
2052 1161 2152 1215 mi-

583 1255 772 1323 nistro,
821 1264 880 1310 ut
917 1256 1065 1311 illam
1116 1275 1145 1311 a
1186 1258 1552 1313 fundamentis
1596 1259 1868 1328 excitaret,
1911 1260 2055 1316 idem
2090 1278 2150 1315 ac

583 1373 720 1409 unus
771 1355 905 1424 ipse,
961 1371 987 1405 «
1039 1365 1099 1411 ut
1143 1358 1452 1414 ostenderet
1500 1359 1556 1413 in
1611 1360 1837 1414 saeculis
1899 1378 2151 1429 superve-

583 1454 856 1510 nientibus
884 1456 1220 1512 abundantes
1260 1457 1477 1513 divitias
1523 1459 1729 1526 gratiae
1757 1477 1884 1515 suae
1917 1459 1972 1515 in
1998 1460 2151 1515 boni-

582 1563 689 1610 tate
733 1574 894 1625 super
932 1574 1028 1611 nos
1067 1557 1123 1612 in
1162 1557 1374 1613 Christo
1416 1559 1553 1628 IeSU,
1587 1579 1613 1613 ))
1642 1559 1791 1615 illam
1835 1561 1902 1615 ab
1941 1560 2147 1616 excidio

583 1674 835 1712 revocare
875 1658 1129 1725 dignatus
1174 1666 1272 1713 est.

650 1757 756 1812 Nec
802 1758 930 1812 satis
968 1758 1070 1813 fuit
1107 1758 1255 1814 illam
1300 1778 1330 1814 a
1368 1759 1647 1816 funeribus
1685 1761 1973 1828 suscitare;
2016 1761 2148 1829 quin

581 1855 745 1911 etiam
788 1857 1066 1912 uberrima
1108 1859 1255 1913 alens
1309 1860 1515 1926 gratiae
1574 1878 1701 1915 suae
1751 1877 2148 1929 munerumque

580 1957 752 2026 copia,
794 1958 1023 2014 mirifice
1067 1959 1303 2014 suffulsit
1339 1978 1399 2015 ac
1443 1961 1781 2029 sustentavit,
1828 1979 1924 2030 per
1971 1968 2145 2016 totum

580 2058 800 2114 diffudit
835 2066 1105 2115 terrarum
1144 2060 1350 2129 orbem,
1381 2062 1448 2116 ad
1484 2079 1717 2130 eumque
1755 2069 1954 2116 statum
1992 2061 2144 2117 brevi

577 2158 846 2227 perduxit,
894 2167 953 2214 ut
1013 2160 1180 2215 veluti
1241 2160 1513 2230 prodigi0‚
1579 2179 1687 2217 non
1738 2163 1902 2217 modo
1964 2161 2145 2217 obstu-

578 2266 798 2325 pescant
840 2259 1137 2314 adversarii
1176 2260 1481 2330 infensique
1527 2262 1728 2330 hosteS‚
1777 2262 1869 2317 sed
1908 2279 2005 2317 nos
2039 2261 2143 2331 ipsi

579 2359 931 2414 vehementer
969 2359 1324 2416 admiremur.

647 2458 955 2515 Incredibili
1000 2460 1145 2515 enim
1185 2478 1433 2516 successu
1472 2461 1721 2530 perculsi,
1764 2461 1911 2517 illam
1956 2478 2144 2516 nume-

577 2559 783 2614 rosiore
845 2561 1130 2615 fecundam
1199 2562 1401 2630 sobole,
1467 2562 1737 2631 latiusque
1803 2580 1900 2631 per
1954 2561 2141 2616 orbem

576 2657 723 2713 hisce
772 2658 964 2727 primis
1022 2660 1297 2727 octoginta
1350 2661 1505 2715 annis
1563 2669 1917 2730 propagatam
1961 2669 2144 2728 gratu-

577 2757 770 2824 lamur,
824 2775 990 2827 quam
1041 2758 1268 2814 totidem
1325 2778 1355 2814 a
1406 2760 1597 2829 primis
1659 2760 1891 2815 exordiis
1941 2760 2140 2815 factum

578 2857 782 2913 suisset.
848 2858 1034 2927 Neque
1096 2860 1226 2915 haec
1287 2861 1353 2915 ad
1417 2878 1532 2916 rem
1590 2862 2019 2929 exaggerandam
2089 2868 2141 2914 et

577 2958 1019 3026 amplificandam
1065 2960 1207 3015 dicta
1246 2961 1580 3030 existimetiS,
1614 2962 1912 3018 Reverendi
1959 2964 2138 3019 Patres

578 3061 897 3130 Fratresque
958 3063 1226 3118 carissimi
1270 3083 1279 3118 :
1322 3074 1566 3134 prostant
1615 3066 1759 3122 enim
1813 3067 2138 3123 domesticae

575 3161 806 3230 tabulae,
872 3161 1161 3218 domorum
1225 3165 1607 3235 sociorumque
1669 3184 1956 3223 numerum
2018 3186 2138 3225 cen-
