2315 3559
605 224 654 262 a.
698 224 744 262 P.
786 225 837 262 N.
881 223 1031 262 PETRI
1070 223 1232 262 BECKX
1599 207 1701 263 395

170 366 254 411 6-8.
288 367 371 412 Sed
400 368 585 412 maxime
615 367 744 412 nobis
773 367 891 412 utilis
921 381 1020 412 esse
1044 367 1190 421 debet,
1214 368 1390 422 erigens
1418 381 1523 420 nos;
1548 373 1703 412 contra

254 452 456 506 spiritum
479 453 642 497 saeculi
663 452 892 505 muniens;
917 459 959 497 et
980 453 1196 498 novitates
1213 453 1352 497 vitare
1369 453 1550 506 docens,

143 537 255 581 9-11.
289 538 398 581 Mala
419 539 659 582 novitatum
681 538 1011 582 modernarum.
1039 538 1246 582 Remedia
1267 544 1422 582 contra
1442 538 1549 582 haec
1572 537 1698 581 mala.

251 623 437 678 Spiritus
468 630 646 668 nostrae
684 624 941 668 vocationis.
980 624 1146 669 Bonum
1179 638 1230 668 ex
1259 623 1513 678 magisterio
1544 636 1703 678 prove-

254 709 397 753 niens.

145 792 282 837 12-14.
317 793 397 837 BB.
424 793 578 838 Petrus
601 799 644 838 et
661 794 847 838 Ioannes
866 793 1069 838 omnibus
1092 800 1193 838 sunt
1215 793 1429 848 exemplo.
1450 794 1496 838 B.
1516 793 1703 837 Ioannes

253 879 477 933 exemplar
498 879 874 933 scholasticorum,
899 880 1120 933 quomodo
1150 879 1256 934 ipsis
1287 879 1523 923 imitandus
1556 893 1564 922 :
1593 878 1704 923 fruc-

253 970 321 1008 tus
343 965 470 1009 huius
492 965 763 1009 imitationis.

147 1050 284 1094 15-18.
319 1049 618 1095 Moderatores
642 1065 820 1105 quoque
843 1051 1018 1096 Ioannis
1040 1051 1239 1105 exemplo
1262 1051 1454 1095 iuvandi.
1478 1050 1705 1095 Commen-

255 1136 382 1180 datur
411 1136 614 1181 formatio
649 1137 886 1190 iuniorum,
929 1137 973 1180 in
1014 1136 1174 1181 virtute
1210 1143 1253 1181 et
1287 1137 1501 1181 doctrina.
1539 1137 1704 1182 Tristes

254 1220 436 1265 effectus
499 1222 728 1275 neglectae
789 1221 1083 1266 formationis.
1145 1221 1372 1266 Perfectae
1429 1221 1705 1266 formationis

254 1307 511 1352 necessitas.

192 1391 257 1435 19.
290 1392 551 1446 Superiores
573 1393 772 1447 exemplo
790 1399 1016 1447 praeeant.

191 1476 258 1521 20.
292 1477 411 1521 Idem
432 1477 591 1532 reliqui
612 1478 762 1522 Patres
783 1478 959 1531 faciant,
981 1478 1167 1521 maxime
1189 1476 1403 1521 Praefecti
1425 1477 1619 1531 spiritus.

190 1561 258 1605 21.
293 1562 576 1607 Professores
598 1563 735 1607 verbo
759 1569 801 1607 et
822 1563 1021 1618 exemplo
1045 1563 1246 1606 doceant.

192 1647 258 1691 22.
294 1648 601 1693 Professorum
619 1649 817 1703 exempla
839 1654 1049 1703 quantum
1073 1648 1317 1692 aedificent.

191 1733 257 1777 23.
293 1734 339 1778 B.
364 1733 561 1778 Canisius
583 1734 806 1789 exemplar
823 1748 921 1778 esse
944 1733 1485 1786 debetmissionariorum‚
1504 1746 1706 1787 praeser-

257 1819 334 1863 tim
355 1820 399 1863 in
418 1819 698 1864 oboedientia
717 1819 929 1874 perfecta.
955 1819 1056 1863 Eius
1075 1819 1380 1863 oboedientiae
1396 1818 1663 1862 benedictio.

192 1903 259 1948 24.
294 1903 413 1957 Quae
442 1905 556 1949 mala
583 1905 777 1950 timenda
804 1904 1111 1959 missionariis,
1143 1904 1227 1948 nisi
1257 1904 1480 1948 humiliter
1510 1903 1639 1958 dirigi
1661 1917 1708 1948 se

259 1990 419 2035 sinant.

193 2076 261 2121 25.
294 2076 437 2121 Ceteri
454 2077 646 2132 operarii
669 2091 848 2132 quoque
865 2077 910 2121 B.
936 2077 1112 2122 Petrum
1135 2077 1376 2121 imitentur.

194 2163 261 2207 26.
294 2163 537 2217 Diligenter
558 2177 605 2208 se
624 2169 909 2219 praeparent,
934 2169 977 2208 et
996 2170 1170 2218 tempus
1191 2163 1306 2207 bene
1326 2162 1598 2218 impendant.

193 2249 262 2293 27.
295 2249 536 2294 Ministeria
551 2250 655 2294 vitio
674 2256 826 2294 nostro
850 2264 983 2304 saepe
1004 2250 1229 2304 languent.
1249 2249 1384 2294 Studii
1400 2249 1514 2294 sacri
1529 2249 1707 2294 utilitas.

197 2335 264 2379 28.
298 2335 443 2380 Verba
463 2336 612 2380 solacii
629 2336 682 2379 ad
700 2335 940 2390 dispersos.

195 2420 262 2465 29.
297 2420 374 2465 Dei
405 2420 675 2465 voluntatem
706 2421 905 2464 adorent.
930 2419 1050 2464 Multi
1072 2420 1278 2474 graviora
1296 2433 1378 2474 pro
1401 2419 1570 2464 Christo
1592 2419 1711 2475 passi

263 2512 380 2551 sunt.

197 2590 265 2637 30.
299 2592 438 2636 Metus
477 2591 732 2646 perdendae
776 2591 1019 2635 vocationis
1053 2590 1281 2645 plerisque
1316 2590 1534 2641 salutaris,
1578 2591 1710 2636 modo

264 2677 353 2722 Deo
374 2677 525 2731 fidant,
549 2683 592 2722 et
613 2691 711 2721 cum
732 2675 1043 2731 Superioribus
1065 2676 1287 2720 coniuncti
1309 2676 1410 2720 sint.

200 2762 266 2807 31.
300 2763 346 2807 B.
371 2762 569 2807 Canisius
592 2762 772 2806 senibus
794 2768 838 2806 et
857 2762 1042 2806 infirmis
1064 2761 1289 2806 solacium.

199 2848 268 2892 32.
301 2847 410 2900 Quid
432 2847 511 2891 FF.
536 2847 820 2892 Coadiutores
842 2862 866 2891 a
887 2847 966 2891 BB.
993 2847 1164 2891 discere
1186 2847 1391 2891 debeant.

200 2932 267 2976 33.
300 2931 491 2976 Virtutes
513 2932 746 2976 Beatorum
769 2946 922 2976 omnes
943 2931 1178 2976 imitemur.

200 3017 268 3062 34.
302 3019 349 3062 ln
370 3018 586 3062 Societate
608 3031 695 3061 non
715 3017 839 3061 deest
859 3017 1033 3061 virtutis
1055 3017 1260 3061 studium.

200 3104 268 3148 35.
300 3103 386 3149 Cur
414 3104 483 3148 hic
513 3104 622 3148 adeo
654 3103 1001 3148 commendetur.
1036 3102 1233 3147 Pericula
1255 3102 1414 3158 quibus
1436 3102 1710 3158 exponimur.

203 3189 270 3235 36.
303 3189 556 3244 Oremusjet
575 3190 619 3234 in
637 3189 772 3234 Deum
796 3203 1042 3244 speremus.
