2315 3559
196 256 263 293 DE
284 252 590 292 REPETENDA
607 253 679 290 ss.
699 251 1067 303 PETR1,10ANN.
1088 251 1150 288 ET
1166 250 1319 288 ALPH.
1339 250 1580 288 ΜΕΜΟΒΙΑ
1615 234 1708 288 0201

161 408 299 454 esset
346 397 696 466 cooptanduS,
749 395 934 450 novies
984 395 1033 450 S.
1090 395 1285 448 Parens
1335 402 1516 448 noster
1565 394 1717 448 Sum-

161 515 310 552 mum
356 496 670 551 Pontificem
714 495 866 562 adiit,
914 494 1065 548 illum
1104 495 1366 547 honorem
1405 494 1717 560 deprecatu-

161 615 268 650 rus
316 598 357 649 A
401 597 506 650 Deo
547 612 673 649 vero
718 594 872 662 petiit
915 612 974 647 ac
1018 593 1330 661 impetravit
1372 592 1554 647 multis
1600 610 1717 660 pre-

158 697 328 764 cibus,
376 694 717 765 paenitentiis
774 702 826 748 et
873 694 1128 760 lacrimis,
1170 701 1229 747 ut
1267 693 1565 762 periculum
1604 700 1714 746 tam

157 815 320 864 grave
369 815 398 850 a
446 795 708 850 Societate
751 802 1112 848 amoveretur.

224 896 308 951 39.
351 897 506 950 Nulla
549 895 856 950 animorum
895 912 1022 948 cura
1061 895 1236 947 fructu
1283 911 1446 947 vacua
1490 893 1717 948 dicenda

157 1006 253 1064 est,
307 1004 359 1051 et
401 996 649 1064 quamvis
698 1012 805 1050 non
844 995 1020 1049 desint
1062 994 1116 1048 in
1155 994 1416 1048 Societate
1465 993 1558 1062 qui
1597 1012 1714 1048 eam

155 1113 342 1163 gerere
385 1113 507 1149 cum
544 1095 701 1148 laude
751 1093 974 1161 possint,
1016 1093 1068 1147 id
1110 1093 1348 1147 muneris
1380 1100 1559 1147 tamen
1604 1111 1717 1147 sus-

155 1194 261 1262 cipi
306 1213 336 1248 a
381 1193 625 1247 Patribus
675 1192 872 1247 nostris
912 1192 1099 1260 vetuit,
1130 1200 1182 1246 et
1224 1192 1317 1260 qui
1362 1199 1486 1245 sunt
1527 1210 1557 1245 a
1601 1193 1716 1259 plu-

154 1294 301 1348 ribus
351 1292 503 1347 annis
542 1292 833 1360 provinciis
879 1291 1193 1360 Praepositi,
1234 1290 1491 1345 laudabili
1536 1290 1714 1344 studio

154 1412 184 1448 a
238 1392 500 1461 paroeciis
551 1391 800 1460 expedire
850 1408 963 1445 sese
1013 1390 1276 1444 nituntur.
1321 1390 1500 1443 Exstat
1541 1407 1603 1444 ea
1648 1391 1714 1444 de

153 1510 210 1547 re
253 1491 302 1546 S.
363 1490 598 1545 Parentis
642 1489 981 1546 ConstitutiO.

219 1592 302 1647 40.
346 1580 546 1646 Eadem
584 1591 975 1646 Constitutione
1008 1590 1345 1658 improbatur
1371 1607 1497 1644 cura
1524 1590 1713 1644 mulie-

153 1712 273 1748 rum
334 1693 729 1760 religiosarum,
796 1690 1044 1760 quamvis
1106 1692 1414 1758 negandum
1475 1708 1582 1744 non
1644 1690 1712 1743 sit

152 1795 348 1847 multos
403 1810 431 1847 e
479 1792 675 1846 nostris
736 1793 803 1846 ad
859 1809 979 1846 eam
1041 1809 1155 1846 esse
1210 1791 1451 1846 idoneos
1517 1791 1710 1845 Curam

151 1893 482 1948 ordinariam
528 1892 697 1947 vetuit
739 1891 789 1946 S.
832 1892 1088 1959 IgnatiUS,
1125 1900 1176 1946 et
1226 1892 1407 1946 Patres
1451 1892 1711 1960 septimae

151 1991 591 2059 Congregationis
625 1991 890 2057 generalis
918 2009 1035 2045 eam
1064 1991 1313 2046 dixerunt
1338 2009 1452 2045 esse
1478 1993 1707 2059 mulum,

151 2109 378 2160 eamque
441 2110 470 2145 a
535 2090 813 2146 Societatis
881 2090 1130 2144 Instituto
1191 2108 1404 2158 semper
1470 2090 1710 2144 habitam

151 2191 314 2244 fuisse
358 2190 778 2256 alienissimam,
821 2189 963 2243 illius
1002 2191 1084 2243 vel
1122 2189 1291 2243 initiis
1328 2191 1712 2244 occurrendum

151 2291 380 2358 fortiter,
423 2308 481 2344 ac
520 2289 760 2344 remedia
798 2288 923 2343 huic
961 2291 1104 2344 muto
1141 2289 1449 2357 quaerenda
1486 2289 1712 2343 validis-

151 2390 295 2444 sima
337 2396 386 2444 et
427 2390 745 2444 certissima.

218 2488 396 2542 Affero
441 2489 604 2543 verba
647 2489 847 2544 decreti
886 2489 1016 2543 sexti
1055 2488 1494 2557 quinquagesimi
1537 2506 1547 2542 :

218 2587 424 2656 Royutu
469 2587 838 2656 CongreyutiO,
885 2595 946 2642 ut
986 2591 1048 2643 de
1089 2589 1294 2657 efficaci
1336 2589 1570 2643 remedio
1607 2589 1712 2642 uti-

152 2705 252 2754 quo
282 2687 604 2754 provideret,
652 2705 717 2741 ne
753 2694 955 2741 nostros
997 2688 1139 2741 eirea
1181 2688 1482 2741 mulierum
1523 2706 1712 2741 eumin

152 2789 308 2841 certis
359 2789 483 2842 loeis
525 2789 783 2857 certisque
817 2790 958 2844 inter
989 2807 1041 2843 se
1076 2790 1281 2858 leqibus
1320 2790 1379 2843 in
1415 2808 1528 2844 unu
1559 2790 1711 2842 domo

152 2887 547 2941 conviventium
589 2889 837 2955 occupari
885 2895 933 2943 et
968 2889 1226 2943 distineri
1266 2889 1546 2956 paulatim
1590 2905 1710 2955 per-

152 2987 404 3040 mitteret.

225 3085 448 3140 Censuit
483 3088 695 3155 fortiter
744 3089 830 3142 liis
881 3089 1064 3144 initiis
1105 3092 1486 3144 oecim‘rendum
1529 3108 1546 3142 .·
1589 3108 1706 3143 eum

155 3203 285 3239 curu
329 3187 734 3255 qualiscumque
791 3188 986 3242 tatium
1034 3188 1582 3243 Constitutionibus...
1632 3189 1710 3242 vi-

1771 889 1824 933 de
1850 892 2083 945 paroeciis,

1797 1477 1932 1509 Const.
1956 1487 1994 1519 p.
2010 1479 2043 1510 6.

1832 1527 1864 1551 c.
1880 1519 1911 1550 3.
1926 1528 1966 1551 n.
1981 1521 2014 1552 5.

1893 1589 1947 1633 de

1793 1645 2057 1689 monialibus
