2315 3559
238 218 305 254 DE
327 215 630 253 REPETENDA
651 216 722 253 ss.
744 214 1112 265 PETR1,10ANN.
1133 213 1360 251 ETALPH.
1383 214 1622 251 Menoam
1659 200 1756 254 137

205 361 468 415 rationem
530 359 904 425 conscientiae,
969 367 1027 411 ut
1087 360 1254 423 decet,
1321 358 1564 423 reddere,
1636 359 1755 425 quis

204 461 404 512 nullam
455 460 625 512 celare
680 457 1044 523 tentationem,
1093 457 1213 524 quis
1264 457 1538 510 facultatci¹s
1583 456 1648 509 ab
1693 457 1756 509 iis

204 556 296 623 qui
358 563 608 622 praesunt
681 562 985 607 constanter
1045 562 1243 621 petere,
1307 553 1427 621 quis
1483 572 1512 606 a
1568 552 1757 607 litteris

204 654 315 708 sine
372 653 584 707 licentia
636 654 714 706 vel
766 652 1042 705 mittendis
1093 654 1173 706 vel
1225 651 1548 719 accipiendis
1599 651 1760 704 absti—

204 771 346 819 nere,
388 753 507 820 quis
546 761 689 806 extra
728 753 950 806 domum
990 751 1261 806 actionum
1301 769 1517 805 suarum
1568 758 1755 804 testem

203 854 407 907 socium
475 853 692 918 habere,
765 853 885 921 quis
947 852 1000 905 in
1062 852 1220 905 rebus
1293 850 1454 905 etiam
1519 850 1757 903 minimis

203 952 491 1007 obnoxium
555 970 609 1005 se
670 954 842 1006 facere
897 950 1293 1019 Superioribus,
1354 958 1403 1003 et
1459 949 1755 1014 generatim

204 1051 418 1117 Regulis
464 1051 835 1117 obtemperare
880 1050 1093 1118 poterit,
1142 1049 1243 1102 nisi
1288 1048 1505 1102 inimica
1550 1049 1756 1115 legibus

203 1152 480 1217 frangatur
524 1149 811 1217 superbia?

269 1249 399 1303 Cum
456 1248 684 1302 elatione
740 1249 906 1302 animi
957 1248 1247 1302 consistere
1293 1247 1437 1301 enim
1482 1265 1542 1301 ea
1592 1247 1756 1301 virtus

201 1365 306 1402 non
363 1356 536 1416 potest
607 1367 744 1416 quae
799 1357 878 1402 est
938 1349 1155 1417 propria
1215 1348 1510 1414 Societatis,
1569 1347 1752 1415 virtus,

201 1447 441 1514 inquam,
511 1447 901 1515 oboedientiae,
966 1466 1103 1515 quae
1163 1449 1339 1501 lucere
1395 1465 1488 1514 per
1526 1465 1580 1500 so
1642 1446 1755 1514 ipsa

200 1546 254 1599 in
299 1546 559 1601 Societate
603 1548 778 1614 debet,
827 1555 877 1600 et
923 1548 1101 1601 Patres
1153 1548 1472 1615 Fratresque
1523 1554 1751 1613 nostros,

200 1645 291 1699 nbi
344 1645 396 1698 in
445 1655 790 1714 conspectum
836 1665 890 1700 se
936 1646 1200 1713 dederint,
1254 1654 1517 1714 spectatos
1564 1646 1757 1715 proba-

199 1751 389 1811 tosque
428 1745 670 1798 reddere.
702 1744 1050 1799 Oboedientia
1088 1744 1348 1799 nimirum
1371 1745 1648 1799 hominem
1682 1744 1755 1797 ita

199 1842 394 1897 subicit
446 1844 664 1898 alterius
714 1844 982 1912 potestati,
1035 1853 1093 1898 ut
1147 1844 1281 1898 nihil
1332 1844 1416 1910 sit,
1470 1862 1644 1912 neque
1701 1844 1753 1898 in

200 1951 396 2011 mente,
427 1962 600 2012 neque
634 1944 688 1997 in
723 1945 996 1998 voluntate
1030 1944 1135 2011 legi
1173 1962 1279 1998 non
1313 1953 1748 1998 consentaneum.

202 2045 402 2112 ltaque,
450 2052 509 2098 ut
535 2045 892 2112 oboedientia,
931 2045 1002 2099 ita
1040 2045 1318 2099 humilitas
1358 2064 1417 2099 ea
1458 2045 1625 2099 virtus
1653 2053 1749 2113 est,

198 2161 304 2212 qua
337 2152 616 2212 tamquam
655 2152 779 2199 nota
816 2145 1093 2199 Societatis
1125 2163 1301 2198 veram
1330 2163 1753 2213 germanamque

199 2244 439 2298 subolem
507 2244 767 2310 distingui
841 2252 1068 2312 oportet.
1141 2244 1312 2308 Quare
1379 2244 1421 2297 si
1487 2244 1753 2311 genuinus

198 2342 474 2396 Societatis
502 2343 619 2396 Iesu
658 2342 799 2396 filius
833 2361 940 2397 non
975 2351 1071 2409 est,
1102 2343 1204 2397 nisi
1232 2343 1541 2410 oboedienS,
1572 2361 1754 2397 conse-

198 2441 411 2494 cutione
449 2441 745 2494 necessaria
786 2440 1074 2495 dicendum
1115 2450 1209 2508 est,
1241 2461 1301 2496 ex
1338 2444 1436 2496 hac
1475 2442 1752 2496 Societatis

199 2539 404 2594 sincera
466 2540 630 2608 stirpe
691 2547 869 2594 ortum
931 2557 1036 2594 non
1098 2559 1229 2607 esse,
1294 2542 1387 2609 qui
1449 2559 1556 2596 non
1612 2542 1751 2595 serio

199 2640 325 2694 colit
373 2639 540 2694 animi
597 2639 979 2693 demissionem
1036 2649 1104 2707 et,
1158 2658 1281 2694 cum
1332 2641 1464 2694 nulli
1510 2640 1750 2695 societati

200 2738 371 2805 magis
421 2755 584 2806 quam
640 2746 854 2792 nostrae
914 2739 1212 2792 necessaria
1262 2738 1330 2792 sit
1379 2739 1751 2794 oboedientiae

203 2837 387 2903 virtus,
452 2838 653 2890 nullam
710 2836 870 2890 etiam
927 2837 1105 2890 minus
1177 2855 1340 2905 quam
1402 2839 1518 2892 Iesu
1578 2838 1752 2892 Socie-

199 2943 361 2989 tatem
407 2953 562 3003 posse
606 2935 772 2989 animi
817 2936 1157 2990 demissionis
1203 2954 1316 2990 esse
1366 2946 1654 3005 expertem.

268 3035 508 3089 Profecto
558 3043 616 3088 ut
665 3034 940 3089 Societatis
984 3045 1063 3090 est
1111 3037 1367 3091 dimicare
1417 3039 1513 3091 sub
1570 3037 1749 3091 Crucis

201 3134 408 3199 vexiHO,
454 3134 525 3188 ita
576 3134 737 3188 etiam
783 3135 847 3188 ad
892 3134 1207 3190 Societatem
1265 3143 1463 3204 spectat
1519 3135 1748 3190 demisse
