2315 3559
862 250 958 288 Exr
1591 233 1693 288 433

195 401 388 444 Difficilis
427 400 534 443 haec
570 411 676 443 sane
717 396 936 446 omnibus,
972 395 1048 439 sed
1083 393 1344 449 praesertim
1384 393 1695 448 Superioribus

139 486 210 538 (ΙΙ,
234 486 319 539 41).
346 484 491 537 Quare
514 487 816 537 suggeruntur
837 481 944 535 ipsis
967 480 1052 524 duo
1075 480 1326 523 adiumenta
1349 492 1360 523 :

196 573 238 615 1Ο
267 571 434 615 Caritas
457 568 701 623 aequaliter
723 566 927 611 omnibus
961 566 1149 611 exhibita
1170 566 1241 620 (ΙΙ,
1266 567 1331 616 41,
1352 565 1419 609 42.
1444 565 1505 610 Cf.
1531 566 1560 616 l,
1581 567 1693 620 411).

191 656 235 699 2⁰
265 657 383 700 Iusta
404 668 647 709 poenarum
669 659 716 698 et
734 653 1032 707 praemiorum
1056 652 1304 697 distributio
1326 651 1405 705 (Cf.
1431 651 1482 702 Il,
1503 650 1696 701 135-137,

141 741 335 791 ’147-149,
362 740 569 793 154-156).

196 826 391 880 Urgetur
423 825 644 870 exsecutio
664 824 808 878 quoad
831 839 904 869 res
927 824 1176 879 spirituales
1198 824 1248 877 (l,
1273 824 1411 867 81-87.
1434 825 1484 874 ll,
1506 823 1694 867 159-164.

140 911 257 965 181);
282 912 385 955 item
407 910 551 964 quoad
572 909 879 953 formationem
902 909 1161 953 Nostrorum
1183 909 1273 962 (Ill,
1288 908 1502 963 271-275).

198 996 331 1041 Decet
377 996 473 1050 ipsa
513 1008 692 1049 quoque
741 995 1024 1039 exsecutione
1073 1000 1225 1038 nostra
1264 994 1507 1039 litterarum
1558 994 1700 1039 studia

141 1097 267 1127 sacra
288 1096 388 1126 esse
409 1082 459 1135 (Ι,
479 1081 591 1134 462).

196 1198 512 1243 EXTERIORA
532 1197 695 1242 talenta
716 1212 764 1241 ac
787 1198 901 1242 dona
922 1198 1066 1242 minus
1089 1198 1329 1251 spectanda
1345 1203 1447 1242 sunt
1463 1211 1593 1252 quam
1618 1198 1700 1241 vir-

141 1289 211 1328 tus
248 1283 298 1337 (Ι,
331 1282 399 1327 56.
434 1284 483 1333 ΙΙ,
516 1283 609 1336 10);
644 1282 823 1326 minime
854 1289 1001 1327 tamen
1032 1283 1322 1337 neglegenda,
1353 1283 1430 1327 sed
1461 1283 1701 1327 excolenda

142 1369 331 1414 fideliter
351 1383 399 1413 ac
423 1375 604 1413 strenue
625 1369 694 1422 (ΙΙ,
715 1368 808 1419 407,
829 1368 940 1421 408),
962 1374 1008 1412 ut
1028 1374 1232 1412 servetur
1253 1369 1432 1423 spiritus
1449 1375 1700 1413 nostrarum

143 1455 512 1500 Constitutionum
535 1455 606 1508 (ΙΙ,
630 1454 724 1507 406,
749 1454 845 1507 407)
872 1469 880 1498 :
905 1454 981 1499 vid
1005 1455 1219 1508 scientia,
1240 1455 1479 1500 Interiora.

207 1581 464 1632 EXTERNI,
487 1581 646 1635 quibus
669 1581 873 1625 omnibus
894 1581 1051 1625 auxilio
1083 1595 1181 1626 esse
1212 1581 1439 1632 debemus,
1458 1582 1638 1626 intentis
1659 1582 1703 1626 in

147 1681 228 1712 nos
250 1667 388 1712 oculis
411 1673 512 1712 sunt
532 1668 582 1721 (Ι,
601 1667 667 1718 51,
689 1668 740 1720 ΙΙ,
765 1667 877 1721 400).

203 1754 365 1799 Eorum
406 1753 715 1798 benevolentia
750 1768 830 1797 cur
863 1759 906 1797 et
941 1753 1161 1808 quomodo
1203 1753 1477 1798 concilianda
1515 1768 1564 1798 ac
1604 1754 1706 1798 reti-

151 1841 295 1885 nenda
324 1841 374 1894 (Ι,
393 1840 487 1891 211,
507 1840 600 1887 212,
620 1839 714 1883 289.
740 1839 800 1884 Cf.
826 1840 855 1890 Ι,
876 1840 960 1891 66),
989 1840 1252 1894 praesertim
1285 1840 1319 1884 si
1350 1840 1575 1894 Magnates
1606 1846 1708 1885 sunt

149 1928 198 1980 (Ι,
219 1927 331 1980 290),
356 1926 540 1970 Praelati
564 1926 613 1979 (I,
635 1925 746 1979 273),
770 1926 973 1970 pastores
995 1927 1063 1970 vel
1094 1926 1307 1970 Curiones
1329 1927 1378 1979 (Ι,
1397 1926 1491 1977 227,
1512 1926 1605 1970 228.
1632 1926 1704 1979 ΙΙΙ,

149 2013 263 2066 292).
288 2012 483 2065 Quorum
504 2018 651 2057 tamen
675 2012 912 2057 auctoritas
932 2012 1022 2066 pati
1044 2027 1133 2056 non
1155 2012 1368 2056 debemus
1389 2019 1437 2057 ut
1458 2027 1538 2057 nos
1561 2013 1708 2067 oppri-

149 2103 240 2142 mat
269 2098 322 2141 ad
360 2097 641 2152 suscipienda
681 2098 859 2151 negotia
898 2097 1113 2142 secularia
1151 2098 1201 2151 (Ι,
1231 2098 1297 2147 98,
1326 2098 1421 2151 99);
1456 2112 1601 2152 neque
1642 2104 1709 2142 est

152 2182 271 2236 quod
306 2183 351 2226 in
386 2182 613 2226 hominum
655 2196 1038 2237 quorumcumque
1076 2183 1229 2226 favore
1268 2183 1471 2227 fiduciam
1511 2190 1707 2227 nostram

152 2268 434 2318 collocemus,
462 2280 561 2311 nam
591 2267 718 2311 fallax
749 2268 902 2321 gratia,
933 2274 976 2312 et
1003 2282 1114 2311 vana
1147 2268 1263 2311 salus
1292 2267 1482 2312 hominis
1511 2268 1580 2321 (ΙΙ,
1609 2268 1703 2312 451.

153 2353 224 2404 ΙΙΙ,
271 2352 385 2407 234).
444 2353 576 2397 Valde
634 2354 791 2397 nociva
839 2360 906 2397 est
963 2354 1299 2397 communicatio
1358 2368 1456 2397 cum
1515 2355 1707 2398 externis

153 2446 276 2485 extra
318 2441 476 2484 limites
522 2440 659 2484 nostri
705 2440 895 2484 Instituti
939 2441 991 2494 (Ι,
1039 2440 1133 2490 300,
1176 2439 1269 2491 301,
1313 2440 1433 2494 309);
1480 2455 1560 2485 nec
1611 2441 1707 2485 leve

152 2526 400 2580 periculum
433 2526 488 2569 ab
518 2526 600 2570 hoc
633 2526 773 2580 capite
806 2532 873 2570 est
901 2526 952 2569 iis
984 2526 1057 2579 qui
1088 2526 1131 2569 in
1163 2526 1439 2580 dispersione
1474 2533 1710 2571 versantur

155 2611 245 2664 (ΙΙΙ,
275 2611 370 2655 267.
411 2611 508 2657 Vid.
541 2612 805 2667 Dispersio),
834 2611 902 2654 vel
932 2611 976 2654 in
1007 2611 1291 2655 missionibus
1322 2612 1483 2656 exteris
1513 2612 1582 2666 (II,
1611 2612 1706 2657 356.

161 2697 259 2744 Vid.
279 2698 554 2750 Missiones),
570 2697 764 2751 itemque
782 2697 836 2741 ab
852 2697 903 2741 iis
922 2698 995 2751 qui
1012 2698 1132 2742 aulas
1155 2697 1404 2752 Principum
1426 2699 1712 2753 frequentant

155 2784 225 2837 (11,
265 2782 422 2837 73-76),
462 2783 505 2826 in
547 2797 655 2837 quas
696 2796 777 2827 nos
818 2797 906 2826 non
942 2783 1183 2827 inferamus
1223 2784 1273 2836 (Ι,
1312 2783 1423 2837 381),
1463 2799 1517 2827 ne
1558 2798 1708 2828 ansam

155 2868 450 2922 praebeamus
473 2868 681 2922 querelis,
705 2874 945 2921 utcumque
961 2867 1080 2912 salsis
1097 2868 1146 2921 (I,
1161 2867 1256 2920 211,
1279 2868 1392 2922 212),
1417 2869 1493 2912 sed
1511 2869 1710 2923 plurimis

158 2953 318 3008 quibus
340 2953 612 3007 exagitamur
631 2954 680 3006 (Ι,
700 2952 813 3007 330).

211 3038 382 3083 Nostris
414 3045 620 3083 externos
650 3038 892 3083 visentibus
924 3039 1154 3093 invigilent
1172 3039 1432 3093 Superiores
1463 3040 1514 3092 (Ι,
1538 3039 1632 3082 461.
1657 3038 1707 3083 ΙΙ.

159 3124 260 3174 175,
284 3123 398 3177 176);
423 3122 569 3167 socius
591 3122 864 3177 adhibeatur,
886 3129 934 3168 ut
953 3124 1039 3168 fert
1058 3124 1211 3178 regula
1231 3124 1282 3177 (Ι,
1304 3124 1400 3177 207,
1423 3124 1515 3167 461.
1551 3124 1617 3176 IV,
1642 3124 1709 3177 83,

160 3209 252 3260 189,
271 3209 484 3262 206-212).

267 3298 396 3342 Toni:
426 3297 492 3341 IV.
1549 3299 1603 3343 28
