2315 3559
553 247 653 304 186
726 266 976 306 EPISTOLA
1014 269 1062 307 R.
1108 270 1153 307 P.
1196 270 1247 306 N.
1290 268 1409 306 ANT.
1459 268 1584 307 MAR.
1631 268 1939 307 ANDERLEDY

552 410 819 466 rationem
856 414 1043 468 haberi
1082 415 1196 467 vult
1233 413 1579 483 praecipuam
1623 431 1830 481 eorum,
1872 414 1966 482 qui
2004 415 2117 469 adi-

553 517 667 564 tum
729 512 794 566 ad
858 513 950 566 Dei
1006 513 1328 581 obsequium
1385 521 1437 567 et
1495 513 1801 568 animarum
1857 513 2114 568 auxilium

552 610 762 678 aperire
828 620 1053 679 possunt
1122 614 1201 667 vel
1263 614 1628 681 praecludere.
1693 614 1879 681 Neque
1939 613 1994 667 in
2055 632 2116 668 ea

550 711 725 764 solum
788 711 842 765 in
904 730 1011 780 qua
1067 711 1301 767 vivimus
1369 713 1590 780 regione
1639 712 1986 768 serviendum
2037 721 2116 768 est

548 809 753 876 gloriae
803 809 1037 878 divinae,
1092 812 1183 866 sed
1240 812 1419 880 quoad
1465 811 1584 867 fieri
1641 811 1859 881 poterit,
1912 811 2116 881 ubique

549 917 838 964 terrarum.
894 910 1116 979 Magnus
1177 911 1323 966 enim
1379 920 1431 966 et
1490 911 1687 967 nobilis
1743 919 1822 966 est
1877 911 2114 966 filiorum

548 1009 825 1065 Societatis
875 1009 1107 1079 animuS,
1155 1029 1251 1065 nec
1296 1011 1494 1066 finibus
1540 1012 1844 1066 continetur
1888 1011 2112 1079 exiguis.

325 608 383 642 lb,

549 1111 721 1174 Quare
788 1111 1089 1164 cavendum
1153 1119 1232 1165 est
1305 1111 1527 1166 omnino
1590 1111 1962 1180 scriptoribUS‚
2027 1129 2112 1178 ne,

548 1212 678 1265 dum
724 1210 816 1264 uni
860 1209 1070 1278 regioni
1115 1211 1371 1279 prodesse
1415 1213 1620 1279 volunt,
1667 1212 1822 1266 alteri
1867 1219 2111 1266 noceant.

547 1311 781 1367 Societas
859 1311 1141 1379 nimirum,
1217 1330 1340 1367 cum
1414 1313 1469 1367 in
1542 1313 1726 1367 multis
1805 1312 2116 1380 regionibus

548 1419 727 1466 teneat
770 1411 1065 1480 domicilia,
1120 1413 1418 1467 multorum
1464 1420 1543 1467 est
1586 1412 1824 1468 subiecta
1863 1412 2112 1480 imperiO,

548 1513 957 1581 multorumque
992 1512 1222 1567 obnoxia
1265 1520 1382 1567 tum
1420 1512 1673 1581 potestati
1712 1520 1829 1567 tum
1864 1511 2111 1579 arbitrio,

547 1618 599 1664 et
649 1629 788 1685 quae
838 1611 1060 1679 impune
1111 1613 1336 1667 fortasse
1373 1612 1428 1666 in
1473 1630 1580 1666 una
1617 1612 1838 1679 regione
1876 1610 2118 1666 scribun-

546 1720 652 1779 tur,
709 1713 899 1767 eadem
944 1711 999 1766 in
1049 1711 1153 1766 alia
1197 1712 1312 1767 sine
1362 1712 1676 1767 discrimine
1726 1711 1958 1780 proferri
2008 1728 2116 1766 non

548 1820 791 1881 possunt.

616 1912 707 1965 Est
762 1919 943 1966 autem
1006 1929 1089 1966 res
1152 1911 1279 1965 mali
1341 1912 1569 1980 exempli
1625 1929 1844 1980 carpere
1906 1910 2118 1979 publice

547 2031 637 2068 eos
677 2013 771 2082 qui
810 2031 993 2068 rerum
1044 2014 1202 2083 potiti
1240 2022 1381 2069 sunt.
1426 2014 1483 2069 Id
1524 2021 1762 2083 generat,
1804 2022 1863 2068 ut
1899 2012 2117 2082 scripsit

546 2114 596 2169 S.
654 2114 913 2182 Ignatius,
961 2116 1167 2170 damna
1210 2122 1260 2169 et
1300 2116 1559 2170 scandata
1608 2123 1660 2170 et
1703 2114 1949 2183 sequitur
1993 2114 2119 2168 inde

547 2216 852 2270 obtrectatio
896 2217 1091 2283 populi
1139 2219 1394 2271 adversus
1441 2217 1722 2284 principes
1771 2234 1830 2270 ac
1879 2222 2119 2283 pastores

547 2332 686 2381 su03,
734 2314 778 2368 si
824 2315 945 2382 quis
992 2315 1052 2369 in
1091 2316 1311 2383 publica
1354 2315 1592 2370 contione
1635 2316 1716 2370 vel
1761 2316 1821 2369 in
1861 2315 2120 2382 populari

174 2393 504 2468 υιὲἷῗιὲιὲῗῖῗίοᾱ.
549 2416 861 2470 commercio
936 2416 1071 2484 ipsis
1132 2417 1456 2486 obloquitur.
1529 2416 1738 2479 Quanto
1806 2415 1998 2483 magiS,
2075 2415 2119 2469 si

175 2477 504 2593 Πὲὲῗξῖξξίἕῇἐξ·
551 2514 927 2582 vituperantur
977 2517 1222 2570 calamo?
1282 2517 1419 2570 Dum
1482 2515 1627 2571 enim
1692 2516 1854 2571 verba
1915 2516 2114 2582 volant,

551 2614 751 2682 scripta
796 2623 1013 2670 manent
1053 2623 1105 2670 et
1153 2616 1380 2670 totidem
1426 2623 1551 2670 sunt
1594 2622 1914 2683 argumenta
1964 2615 2119 2669 valde

550 2715 744 2769 idonea
782 2715 848 2768 ad
893 2715 1212 2770 concitanda
1251 2715 1304 2769 in
1338 2733 1434 2770 nos
1474 2715 1598 2770 odia
1631 2724 1794 2784 atque
1832 2714 2114 2781 invidiam,

551 2831 657 2868 non
702 2831 1026 2868 coaevorum
1077 2816 1272 2882 solum,
1322 2815 1413 2869 sed
1459 2815 1622 2870 etiam
1667 2823 2028 2884 posterorum.

249 2905 290 2949 S.
315 2906 430 2950 Petri
619 2912 702 2967 020.
752 2913 801 2967 S.
853 2914 1008 2968 Petro
1055 2913 1182 2968 satis
1234 2914 1353 2982 fuit,
1408 2932 1521 2969 esse
1571 2914 1808 2982 aliquem
1858 2913 2120 2968 valetudi-

240 2960 311 3003 im'
410 2961 437 3004 Ιί

176 2967 508 3115 ὴυἯίῑὲἓὲἳῶρ-
551 3013 689 3068 narii
740 3013 1063 3081 praesidem,
1117 3022 1176 3068 ut
1230 3014 1589 3069 reverentiam
1640 3014 1688 3069 ei
1739 3013 2014 3068 exhiberet
2068 3020 2120 3067 et

326 3086 430 3123 n1a,
553 3120 849 3182 praestaret
898 3113 1239 3181 obsequium.
1296 3114 1431 3168 Hinc
1476 3113 1629 3168 facile
1679 3112 1960 3180 iudicium,
2009 3130 2117 3181 quo

556 3213 718 3268 suerit
760 3213 942 3269 animo
989 3213 1042 3268 in
1088 3231 1177 3268 eos
1223 3214 1316 3283 qui
1357 3222 1551 3281 regunt
1587 3231 1700 3268 rem
1728 3214 1998 3282 publicam
2036 3213 2117 3267 vel

558 3317 908 3374 christianam
954 3320 1036 3375 vel
1074 3318 1306 3374 civilem.
