2315 3559
250 980 428 1035 publica

194 1035 481 1081 institutionis

278 1091 391 1135 ratio

222 1146 459 1201 compellit.

551 205 653 261 280
811 223 1057 262 Emsrom
1099 224 1148 262 R.
1192 225 1238 262 P.
1281 226 1333 264 N.
1378 225 1621 264 Lunovml
1662 225 1861 265 MARTIN

552 386 845 436 puerorum
920 369 1114 424 animis
1177 370 1450 438 explendis
1518 378 1570 425 et
1641 371 1918 440 satiandiS,
1983 372 2113 427 dum

551 476 944 524 succrescentes
1004 487 1110 523 una
1170 486 1293 522 cum
1342 487 1568 539 corpore
1623 470 1943 538 cupiditates
1998 471 2110 540 alit,

554 568 945 623 volubilitatem
974 568 1177 636 ingenii
1212 569 1456 638 explicat,
1481 569 1836 638 animumque
1869 571 2115 626 debilitat

551 675 602 722 et
651 675 888 723 enervat,
942 669 1127 737 Neque
1170 676 1250 723 tot
1292 669 1521 724 elumbis
1566 670 1727 724 huius
1788 671 2114 727 domesticae

550 769 883 825 educationis
930 769 1073 823 vitiis
1123 770 1475 824 emendandis
1525 788 1622 839 par
1659 778 1738 825 est
1782 772 2114 840 subsequens

549 869 901 936 collegiorum
952 869 1236 938 disciplina
1291 877 1342 924 et
1390 870 1693 925 litterarum
1744 871 2116 926 scientiarum—

549 988 654 1038 que
704 969 990 1024 institutiO.
1046 969 1216 1024 Huius
1267 970 1489 1038 quidem
1534 979 1672 1026 esset
1714 971 1922 1040 primae
1965 972 2117 1026 insti-

548 1070 771 1126 tutionis
810 1069 1015 1125 levitati
1054 1088 1152 1138 pro
1197 1070 1403 1125 viribus
1454 1069 1644 1138 obniti,
1686 1078 1898 1126 teneros
1938 1072 2113 1126 adhuc

548 1187 844 1240 puerorum
889 1170 1099 1224 animos
1144 1170 1210 1224 ad
1250 1169 1506 1224 virtutem
1552 1169 1865 1238 informare,
1903 1187 2115 1225 eorum-

547 1289 653 1341 que
698 1270 969 1326 mentibus
1008 1288 1204 1338 paucas
1254 1270 1496 1339 quidem,
1539 1278 1593 1324 at
1635 1288 1790 1325 sanas
1834 1278 2114 1340 certasque

548 1373 748 1426 formas
792 1371 1030 1425 inserere
1046 1389 1059 1437 ;
1108 1388 1264 1439 quae,
1311 1370 1356 1425 si
1400 1372 1565 1426 semel
1616 1371 1821 1426 radices
1870 1379 2110 1439 agerent,

547 1472 712 1528 veluti
741 1472 920 1527 felices
959 1471 1158 1525 surculi
1187 1471 1418 1525 silvestri
1446 1471 1627 1526 arbori
1658 1471 1907 1539 immissi,
1937 1471 2115 1526 laetis-

546 1573 712 1629 simos
758 1589 854 1626 suo
909 1579 1150 1640 tempore
1200 1572 1392 1626 darent
1452 1571 1675 1639 fructiiS,
1729 1578 1890 1640 atque
1945 1571 2115 1626 incre-

546 1673 700 1728 dibili
746 1673 796 1727 vi
835 1679 888 1728 et
925 1670 1159 1726 efficacia
1207 1678 1376 1726 totam
1421 1678 1607 1739 postea
1657 1670 1823 1725 vitam
1868 1671 2114 1726 modera-

546 1781 750 1829 rentur.
815 1774 881 1828 At
940 1771 1273 1827 contrarium
1345 1788 1487 1825 nunc
1548 1771 1764 1826 evenire
1831 1771 2113 1840 querimur

546 1892 733 1930 omnes
786 1874 854 1928 oh
905 1873 1149 1928 insanam
1212 1871 1441 1927 docendi
1497 1871 1763 1926 rationem
1815 1872 2113 1940 stultasque

546 1974 853 2030 studiorum
896 1990 1134 2041 normas,
1183 1989 1322 2041 quae
1360 1972 1470 2027 fere
1506 1971 1709 2039 ubique
1746 1971 1902 2026 nobis
1941 1971 2114 2040 impo-

545 2082 767 2130 nuntur.
816 2073 891 2128 Eo
935 2073 1138 2142 quippe
1186 2079 1299 2127 tota
1342 2079 1547 2140 spectat
1596 2088 1779 2126 recens
1829 2072 1960 2126 haec
2004 2078 2113 2126 stu-

546 2177 764 2233 diorum
803 2175 960 2243 ratio‚
990 2182 1050 2229 ut
1086 2174 1306 2229 iuvenes
1344 2173 1496 2228 brevi
1540 2190 1807 2228 annorum
1844 2173 2112 2229 curriculo

546 2295 654 2333 non
705 2277 868 2332 modo
912 2275 1236 2341 litterarum,
1285 2274 1376 2329 sed
1429 2273 1675 2328 omnium
1727 2274 1838 2328 fere
1877 2272 2113 2342 discipli-

546 2394 740 2433 narum
779 2375 1087 2444 cognitione
1126 2380 1508 2443 aspergantur;
1539 2381 1597 2427 ut
1624 2373 1796 2442 parvi,
1827 2372 1905 2427 uti
1939 2372 2108 2440 aiunt,

546 2476 1032 2545 encyclopaedistae
1074 2492 1101 2529 e
1146 2473 1386 2541 collegiis
1442 2472 1814 2540 egrediantur;
1863 2479 1915 2526 et
1968 2479 2112 2541 post-

547 2593 712 2646 quam
749 2574 988 2629 universi
1027 2573 1376 2629 scientiarum
1415 2572 1634 2642 encyclii
1680 2589 1894 2627 summa
1936 2570 2111 2640 capita

547 2674 923 2741 delibaverint,
960 2691 1021 2728 ex
1058 2672 1309 2727 omnibus
1343 2672 1427 2728 his
1471 2672 1607 2727 nihil
1645 2671 1814 2727 solide
1850 2678 2066 2726 teneant
2096 2688 2106 2724 :

549 2791 575 2825 ((
615 2793 677 2831 ex
719 2773 971 2830 omnibus
1015 2772 1241 2841 aliquid,
1272 2772 1327 2827 in
1364 2780 1477 2828 toto
1514 2772 1652 2826 nihil
1692 2791 1737 2827 ».
1780 2772 1858 2826 Ita
1895 2769 2107 2838 accidit,

546 2884 606 2931 ut
655 2874 850 2930 mentis
900 2873 1069 2928 aciem
1114 2875 1260 2928 nullo
1317 2873 1480 2928 modo
1535 2880 1707 2940 acuat,
1766 2872 1857 2927 sed
1909 2871 2112 2927 vanita-

547 2983 656 3032 tem
701 2974 878 3044 potius
924 2975 1126 3039 foveat;
1180 2991 1287 3028 non
1337 2973 1617 3042 imprimat
1665 2971 1846 3026 animo
1897 2970 2111 3040 potissi—

549 3095 663 3134 mas
708 3076 824 3131 illas
874 3073 1227 3143 cognitioneS‚
1280 3091 1419 3143 quae
1474 3074 1538 3128 ad
1613 3080 1849 3128 mentem
1916 3071 2108 3127 litteris

549 3176 950 3234 informandam
1024 3174 1255 3230 maxime
1329 3174 1522 3242 valent,
1595 3181 1647 3229 et
1710 3173 2107 3228 adulescentem
