2315 3559
549 208 653 265 370
975 223 1292 263 SUMMARJUM
1335 222 1698 262 EPlSTOLARUM

546 887 614 931 25.

544 1317 612 1363 26.

543 1404 611 1449 27.

543 1663 612 1708 28.

546 2182 615 2226 29.

658 371 742 416 mis
780 370 1052 426 parsimonia
1089 375 1293 415 teneatur
1327 369 1371 413 in
1410 367 1659 422 itineribus,
1695 368 1740 412 in
1782 367 1941 422 quibus
1982 368 2109 413 solita

658 457 834 512 pietatis
851 457 1058 501 exercitia
1079 470 1168 500 non
1187 455 1460 499 omittantur.

657 542 702 587 3⁰
723 542 932 587 Libenter
951 555 1181 586 careamus
1198 540 1463 585 necessariis
1480 552 1674 593 quoque.
1694 538 1935 594 Paupertas
1951 538 2110 584 Christi

659 628 814 683 qualis.
835 628 1076 682 Paupertas
1094 626 1303 670 domuum
1323 626 1643 680 professarum.

658 714 703 758 40
731 714 872 758 Verus
892 726 1065 768 pauper
1086 712 1141 756 sit
1156 710 1211 755 ab
1233 711 1352 755 omni
1374 710 1556 755 affectus
1576 709 1918 764 intemperantia
1939 708 2111 753 seiunc-

656 807 742 855 tus,
767 806 811 845 et
832 805 1001 845 statuae
1019 798 1188 844 similis.

655 885 905 932 Secundum
922 890 990 929 est
1010 883 1195 929 scientia
1216 896 1357 937 sacra,
1381 897 1433 927 ex
1448 882 1647 937 materia,
1670 882 1918 926 intentione
1937 895 1986 925 ac
2007 881 2109 925 fine.

655 972 832 1016 Vanitas
867 970 1065 1016 cavenda
1092 970 1138 1014 in
1169 969 1339 1014 studiis.
1372 970 1407 1013 A
1435 968 1559 1013 libris
1589 968 1735 1013 minus
1766 968 1897 1012 castis
1928 967 2108 1012 omnino

655 1058 983 1103 abstinendum.
1001 1056 1270 1102 Gravissima
1289 1055 1392 1099 inde
1409 1055 1569 1099 damna
1589 1054 1818 1099 exsistunt.
1841 1055 2113 1098 Assuescen-

656 1144 760 1189 dum
780 1143 865 1198 piis
886 1143 1133 1198 colloquiis.
1165 1140 1405 1187 Contrariis
1436 1140 1594 1185 erratis
1625 1153 1739 1194 quae
1768 1139 1966 1185 remedia
1994 1139 2112 1184 adhi-

656 1231 827 1276 bebunt
840 1230 1118 1286 Superiores.

654 1317 803 1363 Studia
819 1322 973 1362 nostra
993 1330 1118 1361 sacra
1149 1329 1249 1360 esse
1279 1314 1444 1359 debent
1472 1314 1569 1369 ipsa
1599 1327 1779 1368 quoque
1810 1313 2108 1358 exsecutione.

653 1403 850 1448 Tertium
880 1408 962 1458 est,
993 1402 1240 1447 ministeria
1268 1401 1474 1446 Societati
1503 1399 1700 1455 propria.
1734 1399 1799 1443 Ab
1830 1399 1984 1443 alienis
2015 1403 2059 1442 et
2088 1412 2113 1442 a

656 1489 846 1545 negotiis
867 1489 1032 1534 saeculi
1053 1487 1380 1541 abstinendum,
1405 1492 1449 1531 et
1464 1500 1489 1530 a
1505 1486 1639 1530 nimia
1654 1498 1761 1529 cura
1776 1498 1927 1528 rerum
1944 1490 2114 1538 tempo-

654 1576 827 1620 ralium.

654 1662 896 1707 Ministeria
924 1661 1128 1707 Societati
1158 1660 1343 1716 propria
1378 1660 1528 1714 quae‘?
1564 1660 1612 1703 In
1646 1657 1933 1702 missionibus
1970 1655 2111 1700 nostri

655 1749 934 1794 aemulentur
953 1748 1203 1803 Apostolos.
1229 1746 1461 1791 Missiones
1494 1759 1583 1789 non
1614 1744 1861 1799 impediunt
1880 1742 2114 1797 proprium

656 1835 789 1880 animi
823 1834 1089 1890 profectum,
1128 1833 1164 1878 si
1195 1847 1347 1877 earum
1377 1831 1559 1886 regulae
1595 1835 1847 1875 serventur.
1881 1828 2115 1873 Missiones

656 1921 862 1967 omnibus
883 1920 1265 1966 commendantur.
1299 1918 1530 1971 Quaelibet
1562 1916 1795 1961 Provincia
1814 1915 1975 1960 habeat
1995 1913 2117 1959 Resi-

656 2008 849 2053 dentiam
869 2021 1003 2052 unam
1024 2020 1107 2062 pro
1136 2004 1440 2050 missionibus.
1475 2003 1556 2056 Qui
1591 2009 1830 2047 versantur
1863 2002 1908 2046 in
1942 2001 2117 2045 missio-

657 2094 802 2148 nibus,
822 2107 911 2138 non
932 2098 1126 2138 tractent
1145 2092 1200 2136 de
1222 2090 1349 2135 novis
1370 2089 1570 2143 collegiis
1591 2088 1844 2133 fundandis.

658 2180 1002 2226 Commendatur
1020 2179 1163 2234 pietas
1185 2178 1231 2222 in
1252 2177 1299 2221 B.
1323 2176 1373 2220 V.
1397 2176 1452 2221 M.

547 2267 689 2314 30-31.
713 2267 942 2312 Examinet
961 2280 1009 2311 se
1031 2265 1222 2320 quisque
1244 2269 1458 2318 quantum
1478 2267 1690 2317 praestet,
1715 2266 1759 2305 et
1780 2265 1993 2314 quantum
2014 2272 2116 2314 pos-

659 2354 729 2409 sit,
751 2360 795 2399 et
805 2352 1016 2409 precibus
1037 2365 1087 2396 ac
1109 2350 1305 2396 consiliis
1326 2349 1431 2394 velit
1451 2348 1757 2403 Praepositum
1778 2347 2002 2391 adiuvare.

552 2514 910 2575 EPISTOLA
942 2516 1011 2573 R.
1040 2516 1102 2577 P.
1127 2515 1195 2570 N.
1227 2510 1609 2570 FRANCISCI
1638 2507 2113 2567 PICCOLOMINI

579 3032 619 3075 1.

652 2663 717 2702 An
746 2662 940 2701 PATREs
967 2661 1028 2700 Ac
1057 2660 1288 2700 FRATRES
1316 2657 1634 2709 SOCIETATIS,
1664 2639 1731 2695 28
1758 2646 1860 2694 oct.
1891 2637 2028 2693 1650

760 2767 840 2835 ,De
865 2767 1108 2821 utilitate
1133 2772 1183 2821 et
1207 2764 1514 2820 necessitate
1546 2760 1899 2817 exsecutionis

1033 2876 1205 2944 (Tom.
1249 2875 1314 2942 ll,
1345 2891 1435 2942 pp.
1465 2871 1635 2938 1-49.)

661 3030 710 3075 ln
737 3033 960 3074 structura
979 3026 1165 3072 aedilicii
1186 3026 1270 3071 tria
1290 3030 1393 3071 sunt
1413 3023 1652 3069 architecto
1675 3019 1870 3066 curanda
1893 3033 1902 3064 ε
1926 3018 2117 3063 delinea-

660 3116 737 3170 tio,
754 3114 968 3170 positura,
988 3118 1032 3158 et
1052 3112 1138 3156 lux.

577 3203 618 3248 2.
661 3202 737 3248 Illa
764 3201 849 3247 tria
877 3200 922 3246 in
952 3198 1180 3245 Societatis
1215 3197 1413 3242 aedificio
1444 3193 1707 3241 delineando
1734 3192 1910 3238 abunde
1941 3190 2115 3236 suffecit
