2315 3559
545 227 648 284 358

570 2686 610 2731 3.

571 2773 610 2817 4.

569 2947 642 2992 5-6

572 3204 611 3248 7.

971 246 1295 287 SUMMARIUM
1334 248 1702 288 EPISTOLARUM

658 391 783 436 Hunc
804 392 849 436 in
871 392 1003 437 finem
1025 393 1111 438 duo
1134 394 1403 448 praestanda
1424 401 1682 440 occurrunt.

656 478 850 523 Primum
886 485 966 530 est,
999 480 1209 534 propriae
1243 480 1532 535 perfectionis
1567 481 1775 536 studium,
1814 496 1897 537 per
1936 483 2116 529 lubilaei

655 563 1001 609 celebrationem
1022 566 1396 619 promovendum.

654 651 866 704 Alterum,
901 652 1115 696 institutio
1146 652 1408 696 missionum
1440 654 1483 697 in
1515 654 1701 709 singulis
1734 655 1995 711 Provinciis,
2032 672 2115 713 per

654 737 912 782 sacerdotes
934 737 1183 791 duodecim,
1208 745 1283 783 aut
1304 739 1459 784 saltem
1482 754 1571 793 sex,
1598 741 1673 795 qui
1693 741 1785 785 bini
1817 748 1860 787 et
1880 742 1972 787 bini
1993 744 2115 798 pedi—

653 823 736 868 hus
766 837 849 878 per
879 823 1000 868 vicos
1031 824 1299 880 discurrant,
1332 826 1534 871 homines
1566 827 1620 870 ad
1650 828 1966 882 paenitentiam
1998 844 2114 875 com-

654 909 833 964 pellant,
858 924 956 954 cum
982 910 1238 956 Pastoribus
1269 917 1313 956 et
1343 912 1577 967 Religiosis
1607 914 1832 958 humiliter
1862 929 1910 959 se
1940 922 2113 971 gerant,

653 1002 697 1040 et
717 996 771 1039 de
794 995 1096 1040 Praelatorum
1119 1011 1343 1042 consensu
1366 998 1512 1043 omnia
1528 999 1853 1045 administrent.

652 1082 747 1126 Sint
766 1082 848 1126 viri
869 1082 1046 1137 probati
1077 1088 1121 1127 et
1151 1083 1204 1127 ad
1231 1083 1274 1127 id
1304 1099 1466 1129 munus
1496 1086 1727 1141 propensi,
1753 1087 1906 1141 quales
1936 1087 2115 1142 plurimi

653 1182 753 1213 esse
784 1168 950 1213 debent
982 1168 1026 1213 in
1062 1168 1303 1224 Societate3
1342 1177 1385 1215 et
1415 1171 1560 1227 ampla
1589 1172 1795 1218 facultate
1825 1174 1981 1218 muniti
2007 1189 2015 1218 :
2049 1181 2117 1220 est

655 1254 772 1299 enim
794 1255 969 1299 maximi
990 1255 1203 1310 ponderis
1225 1257 1468 1311 negotium.

602 1374 611 1383 .
655 1340 749 1385 Huc
770 1341 911 1386 tendit
945 1341 1088 1386 omnis
1125 1348 1382 1387 nostrorum
1419 1344 1638 1399 educatio,
1671 1350 1715 1389 et
1750 1345 1792 1389 in
1828 1346 1946 1390 hunc
1980 1347 2112 1391 linem

654 1427 771 1472 Deus
810 1433 931 1472 tanta
969 1428 1247 1473 incrementa
1281 1429 1402 1474 dedit
1441 1436 1620 1475 nostrae
1654 1431 1875 1487 Societati,
1916 1438 1977 1487 ut,
2020 1432 2114 1478 acie

654 1513 886 1567 instructa,
909 1513 953 1557 in
971 1513 1195 1558 Ecclesiae
1217 1514 1481 1569 obsequium
1500 1530 1547 1559 se
1568 1516 1862 1571 impenderet.

762 1683 873 1737 VII.
899 1699 966 1737 AD
994 1699 1189 1738 PATREs
1217 1699 1535 1753 sociETATlS,
1559 1685 1584 1739 1
1611 1703 1735 1754 aug.
1761 1685 1898 1742 1594-

891 1814 968 1869 De
988 1815 1210 1883 fervore,
1241 1822 1290 1870 et
1315 1816 1420 1870 zelo
1439 1816 1768 1871 missionum

996 1934 1169 1998 (Tom.
1197 1936 1236 2003 I,
1267 1953 1357 2004 pp.
1387 1935 1661 1999 231-247.)

601 2122 610 2130 .
654 2086 823 2131 Fervor
845 2092 890 2131 et
909 2086 1029 2131 zelus
1049 2086 1311 2131 missionum
1337 2086 1466 2132 nohis
1488 2093 1556 2132 est
1577 2088 1834 2134 excitandus
1865 2104 1874 2133 :
1897 2095 1945 2134 ut
1968 2090 2113 2134 crucis

654 2172 784 2226 signo
806 2171 979 2225 muniti,
1004 2177 1049 2216 et
1072 2172 1152 2217 zeli
1176 2172 1320 2226 gladio
1345 2172 1525 2228 ancipiti
1552 2174 1723 2228 armati,
1748 2173 1822 2219 Dei
1854 2175 1972 2220 bona
1995 2181 2114 2220 tuea-

652 2272 767 2302 mur.

655 2343 778 2396 Quae
817 2343 1008 2398 triplicia
1046 2343 1281 2398 tripliciter
1313 2331 1427 2389 laedi
1466 2351 1656 2399 possunt
1697 2360 1707 2389 ε
1743 2347 1888 2391 honor
1921 2347 2113 2392 terrenis

657 2428 910 2481 affectibus;
945 2429 1292 2474 emolumentum
1322 2431 1574 2485 perditione
1613 2431 1883 2486 animarum3
1926 2433 2114 2478 delecta-

653 2521 851 2560 mentum
888 2515 957 2560 vel
988 2515 1222 2560 levissimis
1254 2516 1396 2571 culpis
1424 2522 1468 2561 et
1495 2517 1756 2562 defectibus.
1779 2518 1905 2563 Zelus
1935 2518 2008 2563 ille
2039 2520 2113 2574 qui

652 2602 763 2646 haec
785 2607 949 2655 tuetur,
974 2601 1270 2647 certissimum
1293 2608 1360 2647 est
1376 2602 1511 2647 divini
1533 2604 1696 2649 amoris
1713 2610 2039 2659 argumentum.

651 2687 754 2731 Tria
773 2693 891 2741 sunt,
911 2701 1024 2742 quae
1040 2688 1158 2732 hunc
1179 2688 1320 2733 zelum
1342 2689 1386 2733 in
1409 2689 1538 2734 nohis
1559 2690 1752 2735 excitare
1774 2690 1939 2735 debent
1962 2706 1972 2735 ;

654 2773 847 2817 Primum
878 2787 887 2816 ε
917 2773 1125 2828 cogitatio
1146 2774 1298 2818 miseri
1320 2788 1472 2819 rerum
1495 2780 1649 2830 status,
1671 2775 1717 2820 in
1739 2790 1827 2831 quo
1848 2782 1966 2821 totus
1990 2776 2111 2822 orbis

653 2865 872 2904 versatur.

647 2983 655 2991 .
698 2946 896 2991 Alterum
916 2960 925 2989 :
948 2947 1241 3000 professionis
1265 2954 1445 2993 nostrae
1471 2948 1696 3003 obligatio,
1719 2963 1931 3004 expressa
1946 2956 2037 2995 tum
2065 2949 2111 2994 in

653 3032 842 3077 Instituti
887 3032 1090 3086 formula,
1128 3038 1219 3077 tum
1255 3033 1300 3077 in
1335 3033 1757 3089 Constitutionibus;
1798 3041 1842 3080 et
1882 3036 1936 3080 ad
1979 3050 2111 3091 quam

652 3118 920 3173 implendam
942 3118 1079 3162 multa
1100 3133 1181 3164 nos
1199 3119 1494 3165 exstimulant.

653 3204 848 3249 Tertium
893 3218 902 3248 ε
939 3203 1090 3248 talenti
1133 3218 1158 3247 a
1197 3204 1287 3249 Deo
1337 3205 1466 3250 nobis
1511 3206 1660 3251 donati
1704 3206 1978 3261 recordati03
2021 3221 2109 3262 quo
