2315 3559
251 1674 292 1719 Si
326 1675 471 1729 vigeat

272 1730 453 1784 spiritus

234 1785 480 1840 Societatis,

213 1854 301 1884 non
324 1841 509 1886 multum

263 1895 456 1941 oberunt

270 1952 444 1995 externi

265 2007 417 2051 hostes
439 2022 448 2051 τ

576 201 678 258 322
837 218 1085 257 EPISTOLA
1125 219 1173 257 R.
1219 220 1264 257 P.
1308 219 1358 256 N.
1405 219 1646 258 Lunovml
1686 219 1884 258 MARTIN

576 363 766 418 urbem
795 372 1033 419 sanctam
1066 364 1259 433 suique
1286 363 1521 418 nominis
1559 364 1916 432 appellatione
1947 364 2140 419 nobili-

575 470 762 532 tatam,
815 482 845 518 a
894 463 1192 519 taeterrimi
1230 463 1391 517 huius
1435 464 1605 518 hostis
1645 464 2138 532 oppugnationibus

574 565 778 618 salvam
824 582 1036 632 semper
1081 564 1518 632 incolumemque
1568 564 1820 619 servabit.
1868 566 2136 632 Attamen,

573 671 633 718 ut
687 672 869 732 aperte
926 665 1110 731 fatear,
1177 663 1285 718 RR.
1357 664 1538 719 Patres
1596 665 1914 733 Fratresque
1980 666 2142 720 caris-

573 764 718 831 simi,
771 764 1020 832 quotiens
1064 781 1277 818 mecum
1322 763 1434 832 ipse
1478 765 1656 831 cogito
1694 765 1986 833 animoque
2023 783 2143 834 per-

573 864 730 917 volvo
787 881 951 932 quam
1002 871 1317 931 corruptum
1362 863 1692 932 respiramus
1737 882 1936 933 aerem,
1989 873 2041 920 et
2085 866 2139 920 in

572 971 705 1031 quot
767 964 1004 1031 pericula
1064 963 1368 1018 communis
1431 964 1561 1019 haec
1622 964 1958 1032 contagionis
2026 966 2139 1020 lues

571 1063 892 1118 Societatem
942 1071 1182 1118 nostram
1240 1063 1484 1118 conicere
1540 1072 1736 1131 posset,
1792 1065 2140 1119 vehementer

570 1182 937 1232 commoveor,
957 1172 1214 1233 metuque
1241 1166 1516 1233 perculsus
1545 1165 1810 1233 supplices
1837 1166 1903 1220 ad
1931 1166 2138 1220 caelum

571 1267 752 1321 oculos
792 1283 1093 1334 manusque
1130 1266 1371 1333 sustollo,
1410 1273 1460 1320 et
1498 1283 1559 1319 ex
1595 1265 1777 1319 animo
1816 1265 1982 1319 Deum
2021 1282 2135 1333 or0,

569 1384 635 1420 ne
674 1383 936 1434 umquam
976 1365 1212 1434 patiatur
1239 1382 1334 1419 nos
1362 1382 1391 1418 a
1418 1364 1667 1431 genuinis
1697 1364 1938 1419 Parentis
1968 1364 2138 1418 nostri

569 1466 813 1521 sensibus
842 1466 1155 1533 desciscere,
1186 1473 1237 1520 et
1263 1464 1583 1520 Societatem
1611 1465 1949 1533 irreparabili
1978 1464 2139 1519 morti

569 1565 858 1633 ingloriam
881 1566 1217 1620 occumbere.

636 1665 721 1720 45.
764 1666 881 1720 Non
920 1666 1064 1721 enim
1105 1684 1190 1720 me
1225 1665 1457 1720 maxime
1495 1673 1699 1720 terrent
1725 1664 1927 1720 externi
1956 1666 2135 1720 hostes

569 1774 621 1821 et
671 1774 885 1821 externa
923 1766 1180 1835 pericula,
1222 1765 1617 1833 insectationes,
1655 1765 1923 1819 bonorum
1962 1765 2139 1833 direp-

569 1866 762 1934 tiones,
805 1866 1006 1934 exsilia,
1055 1875 1106 1920 et
1150 1874 1436 1934 quotquot,
1468 1865 1801 1933 quicumque
1835 1865 2055 1919 demum
2100 1864 2137 1918 ii

570 1967 694 2036 sint,
737 1968 791 2021 in
830 1976 1071 2022 nostram
1110 1966 1421 2035 conspirant
1458 1984 1661 2021 necem.
1711 1966 1846 2020 Nam
1887 1966 1930 2019 si
1969 1965 2137 2019 sancti

569 2068 864 2123 conditoris
900 2067 1120 2137 spiritus
1147 2067 1357 2134 integer
1391 2067 1445 2121 in
1480 2066 1635 2121 nobis
1663 2066 1859 2134 vigeat,
1892 2067 2137 2134 adeoque

570 2168 764 2223 merito
814 2168 969 2223 nobis
1025 2168 1267 2237 polliceri
1317 2167 1586 2236 possimus
1636 2167 1729 2222 Dei
1780 2184 1954 2236 opem,
1999 2183 2137 2235 quae

569 2287 870 2338 numquam
916 2270 1066 2324 deest
1103 2268 1208 2323 illis
1254 2268 1348 2337 qui
1398 2268 1605 2323 sincera
1650 2267 1757 2322 fide
1796 2282 1822 2315 <(
1869 2274 2137 2335 quaerunt

570 2387 798 2437 regnum
861 2369 955 2424 Dei
1023 2377 1075 2424 et
1141 2368 1404 2423 iustitiam
1474 2367 1587 2422 eius
1630 2386 1698 2434 ));
1756 2367 1893 2440 baec
1955 2367 2138 2422 omnia

569 2471 794 2525 adversa
838 2487 934 2524 nos
980 2469 1138 2524 altius
1190 2468 1510 2537 firmiusque
1560 2468 1615 2522 in
1670 2467 1976 2522 humilitate
2015 2467 2139 2522 soli-

569 2571 792 2638 dabunt,
853 2577 904 2624 et
959 2570 1025 2624 ab
1081 2569 1231 2624 omni
1287 2578 1626 2623 terrenarum
1684 2586 1864 2623 rerum
1928 2568 2134 2622 ratione

569 2678 924 2739 respectuque
975 2669 1298 2738 spoliabunt.
1352 2669 1595 2724 Testatur
1651 2669 1751 2723 hoc
1808 2667 2134 2736 experientia

568 2771 734 2825 trium
762 2779 815 2825 et
840 2770 1071 2838 amplius
1100 2771 1457 2837 saeculorum,
1487 2787 1547 2823 ac
1573 2768 1891 2838 praesertim
1926 2776 2135 2822 nostro-

568 2888 690 2925 rum
734 2878 1063 2939 temporum,
1116 2887 1237 2923 cum
1277 2869 1511 2924 Societas
1548 2886 1576 2923 e
1616 2876 1692 2923 tot
1729 2867 2039 2936 regionibus
2078 2867 2133 2921 in

569 2971 815 3027 exsilium
859 2978 994 3037 acta,
1043 2970 1295 3024 domibus
1351 2970 1646 3037 exturbata,
1687 2969 1842 3023 bonis
1900 2968 2128 3036 direpta,

569 3072 757 3127 orbata
779 3070 903 3126 filiis
925 3070 991 3125 ad
1014 3070 1436 3125 internecionem
1464 3069 1650 3137 caesis,
1675 3086 1782 3123 non
1804 3069 1966 3123 modo
1987 3067 2134 3122 stetit

569 3173 869 3242 viguitque,
917 3171 1009 3226 sed
1066 3169 1248 3238 etiam,
1286 3171 1431 3239 quod
1483 3170 1683 3225 mirum
1733 3176 1811 3224 est
1861 3186 1920 3223 ac
1963 3185 2132 3238 paene
