2315 3559
162 863 207 908 in
229 863 471 919 discipulis,

533 186 634 243 246
707 203 956 243 EPISTOLA
1005 205 1054 244 R.
1097 205 1144 245 Ρ.
1186 207 1239 245 N.
1280 206 1399 246 ANT.
1443 207 1568 248 MAR.
1617 208 1924 249 ANDERLEDY

534 351 810 419 quemur?
858 350 1009 406 Certe
1064 369 1171 407 non
1221 351 1326 407 alio
1383 371 1547 422 quam
1592 354 1643 410 S.
1690 354 1877 411 Aloisii
1922 364 2101 425 patro-

534 453 694 509 cini0.
759 456 799 509 A
850 454 1046 510 Christi
1097 455 1242 510 enim
1292 456 1507 512 Domini
1556 458 1768 513 Vicario
1819 458 1874 513 in
1933 460 2095 514 huius

534 553 713 610 Sancti
757 555 965 610 iuvenis
1009 557 1233 610 tutelam
1272 557 1469 612 tradita
1508 566 1587 613 est
1630 558 1870 614 studiosa
1914 559 2102 614 iuven-

536 662 639 710 tus,
694 656 757 710 Et
813 657 1055 724 exemplo
1106 663 1217 711 tam
1275 657 1469 712 illustri
1531 659 1823 714 edocemur
1884 666 2099 715 tenerae

536 755 696 810 aetati
737 755 1022 811 inserenda
1060 772 1175 811 esse
1203 756 1467 812 virtutum
1495 757 1722 812 semina.
1773 758 1884 813 Hoc
1929 758 2101 814 inten-

535 857 687 924 dunt,
741 856 843 910 hoc
886 863 1145 924 spectant,
1193 857 1288 925 qui
1340 857 1536 912 nostris
1588 858 1828 926 collegiis
1878 875 2098 927 operam

535 964 750 1011 navant.
784 955 1064 1024 Iidemque
1090 956 1284 1012 litteris
1311 965 1363 1012 et
1389 957 1634 1013 doctrina
1661 966 1940 1028 tamquam
1980 977 2099 1014 esca

536 1074 731 1126 pueros
781 1056 1025 1111 alliciunt
1073 1057 1140 1112 ad
1191 1074 1408 1113 omnem
1459 1058 1733 1127 pietatem.

604 1155 704 1211 Sed
751 1155 914 1211 etiam
943 1155 1045 1225 ipsi
1081 1157 1340 1211 falsorum
1367 1158 1655 1212 numinum
1688 1159 1919 1213 cultores
1964 1157 2099 1212 tanti

536 1257 777 1311 fecerunt
819 1256 1087 1311 bonarum
1115 1256 1314 1312 artium
1364 1257 1625 1326 studium,
1655 1266 1715 1312 ut
1760 1259 2099 1327 eloquentiae

535 1356 894 1411 addiscendae
938 1356 1130 1424 gratia,
1184 1357 1613 1412 transmitterent
1662 1357 1853 1426 maria,
1900 1358 2100 1426 longis-

536 1457 809 1525 simasque
882 1456 1344 1525 peregrinationes
1418 1457 1770 1527 susciperent,
1847 1457 2099 1513 Graeciae

536 1556 750 1612 obirent
774 1556 1039 1625 Asiaeque
1065 1556 1329 1626 civitateS‚
1371 1575 1479 1626 quo
1506 1558 1924 1628 praestantiores
1952 1558 2100 1614 inve-

534 1657 714 1713 nirent
757 1657 1065 1726 magistrOS,
1113 1676 1174 1713 ex
1217 1676 1451 1728 quorum
1491 1677 1583 1714 ore
1622 1659 1897 1715 doctrinae
1946 1678 2098 1728 prae-

534 1767 687 1829 cepta
737 1758 1036 1814 haurirent.
1091 1758 1189 1824 Qui
1242 1777 1368 1814 vero
1419 1767 1572 1815 erant
1621 1778 1681 1815 ex
1731 1760 1944 1830 populis
1989 1762 2098 1815 cul-

535 1861 717 1929 tiores,
748 1860 958 1928 legibus
987 1861 1149 1916 etiam
1177 1861 1454 1930 cavebant,
1502 1879 1568 1916 ne
1595 1878 1898 1931 puerorum
1919 1879 2096 1917 mores

534 1963 977 2032 depravarentur.
1021 1961 1392 2029 Magistratum
1432 1962 1858 2017 Lacedaemones
1903 1961 2099 2017 consti-

533 2068 771 2129 tuerunt,
812 2060 964 2116 cuius
1004 2068 1143 2115 esset
1175 2060 1460 2128 invigilare
1498 2078 1793 2129 puerorum
1831 2060 2092 2116 moribuS.

535 2162 874 2218 Macedonios
918 2162 1164 2216 hortatus
1192 2169 1271 2216 est
1306 2161 1637 2229 AristoteleS‚
1667 2179 1733 2217 ne
1759 2161 1888 2216 artis
1934 2179 2097 2230 opera

535 2263 805 2333 quaedam
878 2268 1124 2331 paterent
1197 2260 1501 2329 iuvenibUS,
1578 2278 1676 2316 nec
1749 2261 1815 2316 ad
1890 2261 2096 2316 fabulas

536 2362 954 2431 comoediasque
1004 2361 1438 2416 admitterentur.

606 2463 786 2531 Longe
835 2479 963 2517 vero
1003 2461 1266 2517 maiorem
1305 2461 1354 2517 S.
1404 2461 1638 2517 Ecclesia
1681 2478 1867 2516 curam
1917 2461 2098 2530 posuit

535 2565 590 2620 in
617 2563 798 2633 pueris
826 2563 928 2617 rite
963 2562 1327 2617 instituendis,
1354 2561 1584 2631 Operam
1623 2562 1889 2617 dederunt
1914 2561 2096 2630 pueris

536 2663 737 2720 summi
784 2662 884 2717 viri
930 2661 1257 2730 ordinesque
1293 2661 1553 2729 religiosi.
1587 2661 1822 2717 Concilia
1848 2663 1991 2729 leges
2030 2661 2096 2716 de

535 2766 635 2820 hac
673 2781 748 2832 re,
796 2770 1076 2831 tamquam
1121 2761 1461 2830 gravissima,
1491 2762 1850 2817 condiderunt
1888 2760 2097 2830 sapien-

535 2865 791 2921 tissimas,
829 2863 974 2918 Nihil
1012 2863 1288 2932 antiquius
1326 2863 1517 2919 habuit
1553 2862 1844 2918 christiana
1889 2879 1972 2916 res
1999 2880 2097 2931 pu-

534 2966 693 3034 blica,
723 2964 859 3020 nihil
904 2964 1158 3034 sanctiuS,
1188 2982 1353 3034 quam
1399 2981 1620 3033 operam
1659 2971 1712 3018 et
1755 2962 2093 3030 diligentiam

536 3085 644 3136 qua
681 3065 834 3136 pueri
878 3063 1034 3120 bonis
1086 3064 1328 3120 moribus
1379 3064 1770 3119 imbuerentur.

605 3166 656 3222 S.
696 3165 933 3235 Ignatius
984 3164 1038 3221 in
1083 3164 1231 3221 omni
1269 3183 1365 3220 sua
1404 3164 1512 3220 vita
1562 3162 1710 3220 omni
1753 3161 2096 3219 contentione
