2315 3559
246 386 319 416 MP.
343 388 389 424 15»,
411 387 459 418 ll.

201 579 346 610 Manli.
362 579 416 617 27,
439 580 492 611 23.

228 1582 237 1613 l
260 1583 347 1614 Cor.
368 1583 395 1621 1,
413 1583 464 1614 18.

244 1788 301 1820 lb.
318 1790 354 1829 2,
366 1789 435 1820 7-8.

287 1872 390 1915 Ean!

230 1928 439 1980 cognovn

173 1982 504 2037 S.Alpbonsus,

203 2409 290 2437 lton
316 2402 475 2448 optans

243 2450 432 2501 laudenn

212 2988 472 3031 defiderans

174 3050 495 3097 conternpturn.

559 219 661 274 ‘1222
735 237 981 276 EPISTom
1022 240 1070 277 a.
1116 241 1160 278 r.
1204 242 1255 278 N.
1298 243 1417 279 ANT.
1470 243 1594 280 ,tr-tr..
1645 244 1954 282 ‚menatem

562 380 830 450 Crucifiye
896 401 1037 438 eum.
1103 385 1207 438 Nec
1272 387 1425 453 pauci
1494 387 1681 440 odium
1749 397 1801 441 et
1869 389 2129 443 invidiam

559 488 984 548 ostentaverunt‚
1023 484 1251 538 seduno
1279 502 1370 538 ore
1399 487 1585 540 dicunt
1623 505 1803 540 omnes
1843 507 1860 540 .·
1901 487 2130 556 Crucifi-

557 587 738 647 φαίην.

626 680 811 748 Neque
879 698 999 734 eam
1062 681 1315 736 infamiae
1377 692 1560 737 notam
1623 684 1893 739 oblivione
1961 686 2128 740 deleri

556 797 743 846 passus
782 789 861 833 est,
888 780 997 832 Rex
1023 781 1246 847 gloriae,
1278 783 1367 835 sed
1409 783 1636 850 publicis
1664 801 1783 836 eam
1823 784 2129 849 consignari

558 879 924 932 monumentis
951 887 1004 932 et.
1031 879 1084 932 in
1112 880 1352 934 codicem
1382 899 1655 935 sacrarum
1684 884 1885 950 legum,
1916 886 2131 951 pervul-

555 987 740 1043 gatum
794 979 846 1031 in
904 979 1031 1032 orbe
1088 988 1372 1048 terrarum,
1423 982 1609 1035 referri
1661 982 1916 1050 decrevit,
1965 992 2127 1051 atque

555 1078 798 1144 Crucem,
866 1078 942 1132 rei
1005 1079 1345 1134 tristissimae
1403 1081 1718 1149 imaginem,
1779 1084 2127 1151 spectandam

554 1179 800 1246 praeberi
842 1179 895 1231 in
940 1179 1175 1247 templis,
1220 1180 1272 1233 in
1319 1181 1590 1247 domibus,
1634 1182 1688 1235 in
1734 1183 1939 1250 plateis.
1990 1182 2127 1245 Quin

555 1279 719 1332 etiam
760 1279 814 1331 in
842 1280 987 1332 cultu
1027 1279 1273 1333 omnium
1314 1298 1587 1348 supremO,
1619 1281 1712 1349 qui
1747 1281 2126 1337 Sanctissimae

551 1378 797 1432 Trinitati
836 1379 1135 1447 exhibetur,
1179 1380 1232 1433 in
1272 1380 1536 1434 sacrificio
1574 1398 1744 1435 novae
1788 1382 1921 1449 legis
1966 1384 2127 1437 huius

553 1477 833 1546 opprobrii
864 1479 1187 1532 memoriam
1216 1497 1509 1547 perennem
1538 1480 1655 1534 fieri
1690 1481 1984 1535 mandavit.

622 1577 763 1631 Haec
790 1579 1146 1645 pereuntilms
1185 1580 1398 1647 quidem
1441 1580 1700 1641 stultitia,
1726 1580 1817 1633 Dei
1858 1581 2126 1649 sapientia

551 1684 631 1730 est
672 1677 727 1730 in
759 1678 1035 1744 mysteria
1073 1696 1207 1745 quae
1238 1679 1548 1732 abscondita
1579 1686 1716 1732 est...
1750 1698 1908 1748 quam
1967 1698 2123 1733 nemo

546 1777 870 1843 principum
910 1777 1079 1830 leuius
1103 1779 1307 1831 saeculi
1333 1779 1589 1846 conquerit.

622 1876 669 1930 7.
713 1876 975 1943 Cognovit
1014 1887 1195 1932 autem
1236 1880 1373 1932 hanc
1407 1879 1499 1931 Dei
1540 1879 1861 1947 sapientiam
1901 1879 2126 1933 humilis

551 1976 769 2043 ianitor,
801 1977 850 2031 S.
894 1978 1218 2046 Alphousus,
1261 1996 1431 2046 eaque
1458 1978 1565 2032 fide
1593 1987 1789 2045 motus,
1820 1988 1873 2032 et
1899 1979 2126 2032 ducibus

554 2077 871 2131 veritatibus
894 2078 998 2132 illis
1020 2095 1158 2145 quae
1180 2080 1475 2146 patefactae
1504 2078 1658 2132 nobis
1692 2086 1814 2131 sunt
1843 2078 2122 2145 divinitus,

551 2175 884 2241 ignominiae
923 2177 1238 2231 aviditatem
1261 2195 1389 2246 prae
1429 2195 1482 2231 se
1513 2177 1631 2231 tulit
1670 2177 1975 2231 mirabilem
2004 2195 2127 2245 pro-

551 2275 810 2344 digioque
833 2276 1188 2331 simillimam.

620 2375 736 2428 Non
776 2375 852 2429 illi
892 2377 1019 2430 satis
1059 2377 1159 2430 suit
1202 2377 1335 2430 nulli
1375 2377 1583 2430 aditum
1630 2377 1757 2430 dare
1809 2377 2124 2444 cogitationi

551 2493 718 2529 vanae
751 2495 810 2530 ac
851 2477 1053 2531 fallacis
1093 2477 1317 2544 gloriae,
1348 2494 1649 2545 numquam
1678 2477 2030 2531 sermocinari
2058 2477 2122 2531 de

551 2574 710 2627 rebus
762 2593 900 2642 quae
945 2576 1009 2629 ad
1069 2594 1122 2629 se
1168 2576 1528 2644 pertinebant,
1577 2576 1709 2629 nulli
1755 2576 2123 2630 obsecundare

552 2676 725 2727 famae
767 2675 908 2742 apud
939 2675 1187 2729 homines
1216 2684 1266 2729 et
1292 2675 1703 2730 existimationis
1731 2675 2018 2730 desiderio,
2066 2675 2121 2728 ld

551 2774 856 2842 appetebat,
903 2784 963 2829 ut
1006 2792 1130 2829 eum
1177 2775 1487 2830 aestimaret
1524 2793 1703 2843 nemo,
1752 2793 1938 2829 omnes
1984 2775 2122 2828 infra

550 2889 604 2925 se
632 2872 891 2926 ducerent
917 2882 1078 2941 atque
1102 2891 1199 2941 pro
1227 2874 1397 2929 nihilo
1420 2884 1688 2943 putarent.

619 2971 823 3025 Altiora
857 2972 1020 3026 etiam
1059 2974 1350 3041 spectabat.
1390 2974 1737 3028 Desiderabat
1780 2972 1923 3026 enim
1965 2973 2124 3025 vehe-

552 3078 780 3137 menter,
806 3080 864 3124 ut
890 3088 943 3124 se
971 3080 1023 3124 et
1050 3082 1362 3139 spernerent
1393 3073 1660 3139 homines,
1690 3080 1741 3126 et
1767 3071 2123 3138 contemptio-

553 3187 677 3224 nem
707 3178 821 3223 tum
853 3170 1048 3237 verbis,
1082 3179 1194 3224 tum
1235 3190 1289 3226 re
1324 3172 1709 3238 significarent.
1741 3172 2121 3237 Quaecumque
