2315 3559
268 203 334 240 DE
361 201 616 240 VANITATE
643 203 821 240 RERUM
851 202 1182 240 IIUMANARUM
1212 201 1598 240 CONTEMNENDA
1636 184 1735 239 ⁶239

184 345 345 399 morti
384 346 671 413 proximos.
713 346 914 399 Utilius
951 353 1150 411 autem,
1185 352 1276 411 est,
1318 345 1420 397 hoc
1458 344 1573 411 ipso
1612 361 1735 397 auc-

182 451 315 510 tore,
382 450 630 510 parentes
694 461 934 497 maerore
1005 445 1234 512 afficere,
1311 461 1473 511 (lucrm
1539 443 1727 495 Deum.

183 541 350 604 Quem
390 559 689 595 maerorem
728 559 849 595 cum
888 542 957 595 sit
993 559 1053 595 ex
1087 541 1261 595 carnis
1299 541 1511 606 affectu,
1542 540 1591 593 S.
1632 541 1734 592 Au—

182 640 428 706 gustinus
478 657 573 694 nos
624 640 788 705 iubet,
843 656 949 693 non
1009 641 1182 693 solum
1234 640 1287 692 in
1338 638 1491 692 nobis
1552 638 1735 691 interi-

183 755 346 805 mere,
401 739 491 792 sed
537 738 697 792 etiam
748 738 802 791 in
847 737 1182 805 propinquis

252 835 306 889 P.
360 836 650 902 Nigronius
710 844 892 889 noster
942 837 1007 889 de
1056 835 1106 889 S.
1161 835 1347 889 Carolo
1410 835 1735 888 Borromaeo

183 941 381 1001 narrat,
435 934 772 988 Cardinalem
829 935 972 988 hunc
1028 941 1280 988 testatum
1332 951 1463 997 esse,
1516 950 1738 987 consue-

182 1032 368 1086 tudine
413 1032 844 1101 propinquorum
889 1032 1152 1086 retardari
1197 1049 1250 1086 se
1296 1050 1325 1086 a
1369 1049 1549 1086 rerum
1601 1031 1738 1086 divi-

182 1148 373 1184 narum
418 1131 705 1198 desiderio,
753 1131 953 1185 inflecti
993 1149 1180 1185 eorum
1224 1131 1471 1200 precibus
1517 1149 1577 1184 ac
1621 1149 1738 1184 sua-

184 1230 365 1298 vitate,
413 1231 626 1285 avocari
663 1249 692 1285 a
726 1231 865 1285 vitae
910 1232 1179 1285 humanae
1217 1239 1547 1298 contemth,
1590 1249 1619 1284 a
1658 1248 1738 1284 sa-

182 1333 285 1386 cris
329 1333 621 1402 laboribuS,
670 1352 699 1388 a
743 1334 990 1388 iuvandis
1040 1334 1332 1388 liberaliter
1375 1333 1575 1400 egenis,
1622 1333 1734 1386 Viri

184 1432 351 1486 sancti
419 1434 614 1487 damna
682 1432 894 1486 virtutis
957 1433 1348 1501 persentiscunt
1376 1452 1387 1498 ;
1453 1432 1546 1500 qui
1615 1450 1740 1486 xero

184 1531 352 1585 sancti
390 1549 496 1585 non
535 1540 676 1599 sunt,
721 1533 800 1586 vel
839 1550 898 1586 ea
935 1532 1016 1585 vix
1056 1532 1378 1600 percipiunt,
1421 1533 1502 1585 vel
1541 1533 1740 1585 utendo

184 1631 522 1686 familiariter
581 1632 919 1700 propinquis,
974 1649 1028 1685 se
1077 1632 1338 1699 proficere
1399 1631 1576 1699 potius
1638 1631 1740 1685 sibi

184 1732 413 1797 fingunt,
468 1748 630 1798 quam
675 1748 865 1798 capere
915 1730 1257 1784 detrimenta.

252 1830 563 1884 Audiendus
615 1837 693 1884 est
743 1831 840 1883 hac
891 1830 956 1884 de
1006 1847 1062 1884 re
1115 1830 1269 1884 Pater
1328 1830 1545 1884 Carolus
1606 1829 1742 1884 Scri-

183 1930 329 1996 bani,
359 1929 442 1983 vir
468 1929 522 1983 in
560 1928 896 1996 gravissimis
933 1928 1212 1983 Societatis
1252 1929 1565 1983 muneribus
1594 1947 1742 1995 egre-

183 2030 270 2097 gie
337 2037 594 2095 versatuS,
643 2028 735 2096 qui
796 2029 925 2082 haec
970 2028 1024 2082 in
1086 2028 1176 2082 illo
1243 2046 1438 2095 genere
1504 2028 1741 2097 pericula

185 2136 480 2182 enumerat.
539 2128 792 2181 Amorem
853 2126 1130 2181 Societatis
1190 2135 1241 2181 et
1300 2127 1585 2194 sodalium,
1646 2127 1736 2193 ait,

184 2226 463 2281 transferri
500 2226 566 2279 ad
606 2226 938 2293 propinquos
955 2244 966 2292 ;
1020 2243 1207 2279 auram
1259 2226 1455 2280 saeculi
1505 2225 1707 2293 captari
1724 2244 1736 2291 ;

186 2325 353 2392 retegi
404 2342 540 2392 quae
578 2324 715 2377 fiunt
752 2324 899 2378 domi
944 2333 996 2379 et
1028 2342 1221 2378 arcana
1259 2324 1480 2378 consilia
1515 2325 1739 2392 produci

185 2442 244 2478 ac
288 2423 497 2478 narrari
543 2423 890 2478 mulierculis
941 2424 1013 2477 Ex
1062 2424 1328 2491 molliore,
1370 2433 1429 2477 ut
1477 2424 1735 2493 loquitur,

185 2522 455 2590 colloquio
506 2530 558 2576 et
620 2522 871 2576 liberiore
919 2531 1136 2590 aspectu
1195 2522 1420 2576 alicuius
1481 2523 1740 2590 sanguine

186 2621 396 2675 iunctae
441 2620 580 2687 ignis
626 2620 901 2688 excitatur,
949 2621 1187 2689 plurium
1232 2639 1497 2675 annorum
1547 2622 1741 2676 cineri-

185 2719 283 2772 bus
345 2718 568 2787 sopitUS.
621 2718 758 2771 Dum
817 2719 961 2772 enim
1011 2737 1117 2773 non
1177 2720 1436 2773 timentur
1496 2722 1636 2773 mala
1685 2721 1739 2774 in

186 2818 492 2886 propinquo
565 2817 842 2883 sanguine,
919 2818 1096 2872 minus
1179 2827 1332 2873 caute
1405 2820 1738 2887 provideque

187 2925 457 2971 versantes
519 2917 572 2969 in
633 2917 902 2984 proximas
964 2918 1121 2971 hasce
1182 2918 1456 2972 incurrere
1517 2927 1739 2986 possunt

187 3017 428 3084 insidias,
492 3017 568 3070 vel
618 3023 760 3070 certe
808 3034 1025 3070 causam
1075 3017 1196 3071 illae
1262 3018 1520 3085 praebent
1586 3018 1739 3071 fami-

186 3117 334 3171 liaris
376 3133 498 3170 cum
543 3115 660 3169 aliis
705 3115 895 3169 similis
938 3133 1090 3170 sexus
1134 3116 1554 3171 consuetudinis

1860 350 1976 390 grad.
1991 351 2023 381 3.

1913 446 1969 476 ΙΙ).

1848 733 1916 772 Ep.
1933 736 1973 763 3⁸
1990 734 2041 764 ad

1861 775 2030 805 laetum.

1810 1323 1940 1353 Tract.
1958 1324 2079 1354 ascet.

1862 1363 1962 1394 mun.
1976 1363 2027 1394 11.

1800 3130 1941 3163 Medic.
1958 3132 2075 3173 relig.

1831 3172 1863 3204 1.
1876 3173 1945 3212 ΙΙΙ,
1958 3181 1991 3205 c.
2004 3173 2056 3205 19.
