2315 3559
495 233 598 288 454
1117 249 1226 287 Mol)
1250 264 1308 270 —-
1334 249 1444 288 MON

553 394 641 439 Has
661 395 896 439 missiones
917 395 1041 439 multi
1063 395 1271 439 anhelant
1289 395 1338 448 (Ι,
1360 395 1427 440 50.
1452 396 1504 449 ΙΙ,
1531 395 1642 449 180),
1669 395 1743 450 qui
1766 409 1930 441 nomen
1958 397 2066 442 dent

495 481 568 535 (ll,
598 480 696 535 352)
729 486 772 525 et
803 494 993 535 quorum
1024 480 1097 534 pia
1129 480 1349 524 desideria
1379 481 1560 525 foveant
1589 481 1853 535 Superiores
1885 483 1937 536 (Ι,
1970 481 2065 534 386,

497 566 592 611 387.
617 566 679 611 Cf.
705 567 737 620 Ι,
759 566 874 621 247),
900 566 1005 620 quin
1028 566 1210 610 timeant
1229 566 1563 620 provinciarum
1594 580 1773 611 suarum
1802 567 2066 613 detrimenta

499 654 570 707 (ΙΙ,
594 652 690 708 353,
714 651 829 708 354).

554 738 650 783 Non
680 738 839 783 sufficit
869 744 1016 782 tamen
1050 737 1321 782 desiderium
1358 739 1641 792 quantumvis
1676 738 1838 783 ardens
1872 745 1915 783 et
1944 739 2066 794 pium

499 826 571 879 (ΙΙ,
605 825 729 879 355);
769 839 868 869 cum
903 825 985 868 hoc
1020 824 1332 879 ministerium,
1371 825 1406 868 si
1443 825 1562 879 quod
1603 825 1719 869 aliud
1753 825 1798 869 in
1833 825 2066 882 Societate‚

498 911 754 966 praeclaros
790 917 833 955 et
866 911 1053 955 maxime
1089 911 1279 955 selectos
1313 911 1516 956 homines
1552 911 1697 966 exigat
1730 912 1781 966 (Ι,
1820 912 1915 966 114,
1953 912 2066 966 115),

498 998 652 1042 firmae
675 998 953 1051 valetudinis,
975 997 1120 1041 bonae
1142 997 1316 1051 indolis,
1338 997 1595 1042 sufficientis
1617 998 1860 1052 doctrinae,
1881 1003 1924 1042 et
1943 1012 2070 1053 prae-

501 1085 653 1129 sertim
676 1084 915 1128 solidarum
938 1084 1148 1128 virtutum
1181 1084 1403 1128 studiosos
1424 1083 1495 1138 (ΙΙ,
1520 1083 1614 1128 356.
1639 1083 1700 1128 Cf.
1725 1085 1757 1138 Ι,
1781 1084 1850 1138 51,
1873 1084 1987 1139 222),
2011 1085 2071 1129 ita

499 1177 548 1215 ut
586 1170 899 1215 excellentiore
931 1170 1121 1225 quodam
1162 1169 1294 1214 modo
1332 1184 1463 1224 quam
1500 1171 1638 1214 ceteri
1675 1170 1885 1224 Religiosi
1919 1170 2070 1215 vocari

500 1257 675 1312 possint
694 1256 745 1309 (1,
766 1256 882 1310 216).

557 1342 703 1396 Quare
723 1342 984 1397 priusquam
1016 1342 1262 1395 mittantur,
1289 1341 1443 1386 sedulo
1467 1355 1514 1386 se
1537 1342 1788 1386 examinent
1810 1341 1928 1386 circa
1948 1342 2074 1397 puri-

501 1435 634 1473 tatem
666 1429 926 1473 intentionis
955 1435 998 1473 et
1030 1428 1223 1472 studium
1251 1428 1540 1483 perfectionis
1561 1429 1613 1483 (Ι,
1636 1428 1736 1473 356-
1755 1428 1868 1480 358),
1890 1428 2074 1483 diligen·

501 1521 660 1569 terque
677 1528 724 1559 se
740 1520 1013 1569 praeparent
1028 1514 1077 1568 (Ι,
1092 1514 1188 1568 246,
1208 1514 1320 1569 247),
1337 1520 1385 1558 ut
1399 1520 1629 1569 praestare
1645 1515 1819 1569 possint
1833 1515 1942 1559 foris
1961 1529 2074 1569 quae

503 1600 587 1644 sihi
607 1600 725 1644 domi
747 1599 1111 1654 comparaverint
1132 1600 1201 1654 (ΙΙ,
1223 1599 1318 1653 359,
1343 1599 1457 1653 360).
1483 1600 1603 1644 Missi
1625 1614 1732 1644 vero
1758 1600 1943 1644 sollicite
1964 1600 2076 1645 inte-

501 1687 666 1732 riorem
709 1686 911 1741 spiritum
952 1692 1237 1739 conservent,
1282 1692 1409 1731 caute
1450 1686 1726 1731 ambulantes
1766 1686 1884 1731 inter
1917 1693 2074 1741 gentes

501 1788 740 1829 perversas
780 1774 830 1827 (Ι,
869 1773 936 1826 52,
980 1772 1065 1828 53),
1105 1780 1148 1818 et
1188 1787 1340 1818 earum
1382 1773 1666 1818 conversioni
1705 1773 1985 1828 potissimum
2027 1788 2075 1819 se

503 1861 764 1917 impendant
785 1860 838 1915 (Ι,
860 1860 957 1914 217,
980 1859 1094 1914 218).

559 1999 854 2053 MODESTIA,
887 1999 991 2043 licet
1029 2012 1237 2043 sermone
1276 2005 1432 2053 taceat,
1466 1999 1618 2043 habitu
1647 1998 1845 2053 loquitur
1875 2005 1918 2043 et
1948 2005 2077 2053 gestu

505 2085 555 2138 (Ι,
576 2084 674 2138 362)
699 2100 708 2129 ;
733 2085 824 2130 vid.
843 2086 1073 2130 Externus
1093 2086 1245 2130 homo.

561 2225 884 2271 MODERATIO
915 2225 951 2269 si
982 2224 1110 2278 absit,
1144 2224 1312 2268 bonum
1343 2224 1387 2268 in
1418 2223 1581 2268 malum
1612 2223 1776 2268 desinit
1798 2229 1841 2268 et
1862 2223 2001 2267 virtus
2031 2222 2074 2266 in

508 2312 661 2357 vitium
683 2312 734 2365 (Ι,
761 2312 829 2366 12)
855 2326 864 2355 2
888 2310 979 2356 vid.
1004 2311 1344 2367 Temperantia.

564 2448 987 2502 MODERATORES,
1001 2449 1134 2492 latina
1147 2463 1271 2503 voce,
1289 2449 1497 2493 dicuntur
1511 2448 1677 2503 passim
1694 2447 1927 2492 domorum
1945 2447 2079 2502 Supe-

511 2536 656 2580 riores
678 2541 722 2580 et
750 2535 964 2579 Rectores
986 2535 1037 2589 (l,
1063 2535 1128 2587 19,
1152 2534 1220 2588 25,
1245 2534 1340 2579 386.
1366 2535 1418 2589 ΙΙ,
1444 2534 1651 2585 169,192.
1678 2533 1750 2587 ΙΙΙ,
1776 2534 1841 2585 70,
1865 2533 1957 2586 147,
1984 2532 2076 2586 152,

511 2620 626 2675 202),
665 2634 747 2664 nec
781 2620 1017 2672 immerito,
1056 2619 1222 2674 quippe
1260 2633 1449 2673 quorum
1484 2619 1539 2663 sit
1567 2619 1747 2663 modum
1782 2632 1953 2673 ponere
1990 2617 2080 2661 suis

513 2709 585 2763 (ll,
609 2707 706 2762 439)
732 2722 740 2751 ;
765 2707 854 2752 vid.
881 2707 1162 2763 Superiores.

569 2845 865 2898 MONIALES,
890 2858 977 2888 non
1009 2844 1266 2888 claustrales
1293 2844 1443 2898 modo,
1468 2844 1545 2888 sed
1569 2857 1877 2898 quaecumque
1899 2843 1943 2886 in
1965 2856 2083 2886 com-

515 2932 638 2977 muni
668 2932 835 2981 vivunt,
865 2944 889 2974 a
921 2936 1175 2974 nostrorum
1208 2930 1565 2974 confessionibus
1596 2929 1817 2973 arcendae
1847 2929 1938 2981 (ΙΙΙ,
1966 2928 2081 2982 287).

519 3019 681 3063 Harum
717 3031 866 3061 curam
897 3017 936 3061 S.
964 3017 1008 3060 P.
1032 3016 1080 3059 N.
1107 3023 1366 3060 constanter
1394 3016 1558 3070 repulit
1588 3021 1676 3059 eta
1697 3015 1924 3059 Societatis
1956 3028 2083 3058 voca-

518 3105 638 3149 tione
669 3103 855 3148 alienam
888 3102 1095 3146 iudicavit
1124 3102 1214 3153 (ΙΙΙ,
1238 3102 1329 3155 138,
1360 3101 1451 3155 139)
1477 3116 1485 3145 :
1511 3101 1629 3156 quod
1659 3100 1861 3155 pluribus
1893 3099 2085 3144 ostendi-

519 3197 591 3234 tur
612 3196 656 3234 et
675 3189 963 3234 confirmatur
983 3187 1073 3241 (111,
1094 3187 1290 3231 284-291.
1316 3187 1384 3240 IV,
1409 3187 1525 3239 201).
