2315 3559
557 221 623 275 74
795 237 1045 276 EPISTOLA
1082 239 1301 276 ANTONII
1341 240 1539 278 Mamm
1575 241 1885 278 ANDERLEDY

556 389 750 435 ventur
806 399 1013 450 omnes,
1067 385 1398 452 eaedemque
1449 386 1515 439 ab
1566 385 1835 438 omnibus
1885 384 1936 438 Si
1981 385 2124 438 enim

555 482 609 535 in
683 482 748 535 iis
816 500 954 550 quae
1024 483 1159 550 fieri7
1226 492 1278 538 et
1338 485 1392 538 in
1449 485 1639 552 primis
1707 485 1760 537 in
1817 484 1921 537 illis
1989 503 2128 552 quae

554 582 732 635 omitti
785 592 1027 650 possunt,
1077 600 1183 636 non
1224 584 1292 636 sit
1340 585 1529 638 eadem
1574 585 1776 652 ubique
1815 584 1946 650 legis
1985 603 2128 638 exse-

553 683 802 748 quendae
852 683 1009 750 ratio,
1064 683 1328 737 maximae
1372 683 1750 752 Superioribus
1800 684 2125 753 quibusdam

553 790 879 835 enascuntur
923 782 1219 836 molestiae.

625 882 902 936 Interdum
965 882 1130 949 enim,
1185 883 1227 936 si
1274 883 1367 950 qui
1420 893 1544 938 sunt
1592 884 1822 938 laxitatis
1872 886 2124 951 cultores,

554 980 647 1034 ubi
697 981 983 1048 religiosus
1023 990 1102 1035 est
1146 982 1462 1050 disciplinae
1513 984 1686 1051 vigor,
1741 984 1817 1038 illi
1863 984 1963 1037 sibi
2010 1002 2128 1052 per-

555 1082 802 1148 suadent,
844 1099 966 1134 (eum
1014 1082 1144 1150 ipsis
1183 1082 1271 1148 agi
1311 1084 1569 1151 severius,
1612 1102 1706 1138 ner,
1753 1085 1927 1138 inesse
1964 1084 2129 1152 Supe-

556 1179 792 1232 rioribus
866 1180 1110 1234 animum
1185 1182 1313 1235 satis
1387 1200 1646 1249 magnum
1720 1185 1998 1251 latumque
2070 1193 2129 1238 ut

556 1280 822 1347 patienter
862 1281 1053 1349 serant,
1102 1299 1242 1350 quae
1281 1291 1468 1336 (eontra
1508 1285 1750 1350 regulam
1790 1284 1940 1351 fiant,
1981 1285 2125 1352 quod

554 1388 735 1434 tamen
793 1399 980 1435 revera
1025 1382 1160 1436 nihil
1211 1384 1357 1437 aliud
1409 1393 1566 1451 esset,
1614 1402 1778 1452 quam
1830 1385 2128 1440 indormire

555 1481 729 1548 maliS‚
785 1499 923 1549 quae
991 1483 1067 1536 vel
1120 1492 1343 1551 serpunt
1392 1485 1473 1538 vel
1538 1484 1843 1538 imminent.
1902 1486 2127 1551 Augusti

555 1582 787 1648 pectoris
838 1600 928 1636 eos
973 1592 1208 1650 arguunt
1252 1584 1530 1652 animique
1580 1585 1968 1640 imbecillioris,

190 1684 492 1793 εὶιέῐζὶιῖῑοῖῑὶίὣξυ
621 1681 706 1736 4-6.
751 1682 1017 1750 Equidem
1057 1700 1164 1737 non
1205 1684 1435 1752 inficior,
1478 1686 1577 1738 hae
1604 1693 1786 1738 nostra
1815 1692 1987 1739 aetate
2014 1702 2129 1739 esse

280 1795 406 1844 ratio,
552 1784 810 1837 nonnulla
849 1784 982 1851 legis
1021 1792 1325 1853 praecepta,
1368 1785 1565 1853 quibus
1605 1786 1980 1853 obtemperare
2030 1785 2130 1839 ini-

553 1883 732 1951 quitas
772 1893 1081 1952 temporum
1122 1885 1396 1939 interdum
1426 1886 1696 1953 prohibet.
1728 1886 1827 1940 Sed
1858 1894 1980 1939 sunt
2009 1886 2130 1939 reli-

552 1985 735 2051 giosae
800 1985 940 2039 vitae
1000 1986 1195 2054 capita,
1261 2003 1399 2053 quae
1460 1987 1590 2039 haer
1653 1985 1768 2053 ipsa
1818 1994 2127 2053 temporum

552 2085 817 2139 acerbitas
867 2085 1041 2153 magis
1092 2085 1255 2139 etiam
1307 2086 1497 2139 suadet
1546 2093 1708 2153 atque
1759 2085 2123 2139 commendat.

551 2185 751 2240 Suadet
789 2185 933 2239 enim
980 2186 1235 2253 pauciora
1292 2186 1504 2253 itinera,
1558 2186 1790 2239 rariores
1841 2185 2125 2239 hominum

552 2294 858 2339 exterorum
899 2286 1248 2340 salutationes
1282 2287 1362 2339 vel
1404 2285 1670 2339 officiosos
1710 2285 1907 2351 aditus,
1939 2286 2127 2338 suadet

552 2385 833 2453 pauciores
878 2386 1133 2454 epistolas
1178 2387 1241 2440 ad
1290 2385 1518 2439 seminas
1558 2385 1896 2453 praesertim,
1939 2385 2128 2439 suadet

552 2503 898 2553 summopere
937 2488 1181 2554 regulam
1222 2487 1287 2539 de
1325 2485 1498 2552 80010,
1542 2486 1731 2540 suadet
1770 2485 2031 2539 maiorem
2072 2485 2126 2539 in

551 2586 701 2639 omni
765 2604 820 2640 re
881 2588 1090 2653 agenda
1153 2586 1518 2654 prudentiam,
1584 2604 1649 2640 ne
1707 2587 1978 2654 detegant,
2032 2587 2125 2653 qui

551 2702 648 2739 nos
710 2686 942 2753 oderint,
1008 2687 1152 2753 quod
1210 2703 1430 2753 carpere
1493 2685 1608 2739 iure
1659 2685 1853 2739 merito
1898 2684 2121 2752 possint.

555 2784 835 2839 Praeterea
875 2785 928 2838 iu
968 2785 1152 2838 multis
1186 2802 1293 2837 non
1332 2783 1704 2851 impedimur:
1735 2801 1842 2837 non
1887 2783 1941 2836 in
1984 2783 2126 2836 clau-

552 2902 695 2951 sura,
738 2902 845 2938 non
897 2885 950 2937 in
1002 2883 1363 2951 oboedientia,
1406 2883 1460 2936 in
1511 2884 1752 2951 caritate,
1794 2883 1848 2936 in
1898 2900 2126 2950 pauper-

553 2992 661 3038 tate
700 2985 981 3037 servanda.
1016 2983 1275 3037 Pietatem
1305 2992 1505 3050 autem,
1536 2982 1972 3036 coniunctionem
2000 2999 2123 3034 eum

552 3085 660 3138 Deo
711 3101 1004 3151 rerumque
1055 3084 1417 3136 humanarum
1462 3090 1834 3149 contemptum
1879 3089 2122 3148 tempora

553 3183 794 3239 difficilia
846 3183 1074 3237 mirilico
1120 3183 1395 3237 adiuvant.
