<?xml version="1.0" encoding="UTF-8"?>
<!DOCTYPE html PUBLIC "-//W3C//DTD XHTML 1.0 Transitional//EN"
    "http://www.w3.org/TR/xhtml1/DTD/xhtml1-transitional.dtd">
<html xmlns="http://www.w3.org/1999/xhtml" xml:lang="en" lang="en">
 <head>
  <title>
</title>
<meta http-equiv="Content-Type" content="text/html;charset=utf-8" />
  <meta name='ocr-system' content='tesseract 3.04.00' />
  <meta name='ocr-capabilities' content='ocr_page ocr_carea ocr_par ocr_line ocrx_word'/>
</head>
<body>
  <div class='ocr_page' id='page_1' title='image "./epistolaepraepos04jesu_0413.png"; bbox 0 0 2315 3559; ppageno 0'>
   <div class='ocr_carea' id='block_1_1' title="bbox 472 225 1704 279">
    <p class='ocr_par' dir='ltr' id='par_1_1' title="bbox 472 225 1704 279">
     <span class='ocr_line' id='line_1_1' title="bbox 472 225 1704 279; baseline -0.001 1"><span class='ocrx_word' id='word_1_1' title='bbox 472 242 519 279; x_wconf 88' lang='lat' dir='ltr'>R.</span> <span class='ocrx_word' id='word_1_2' title='bbox 564 242 609 279; x_wconf 89' lang='lat' dir='ltr'>P.</span> <span class='ocrx_word' id='word_1_3' title='bbox 652 241 704 278; x_wconf 85' lang='lat' dir='ltr'>N.</span> <span class='ocrx_word' id='word_1_4' title='bbox 745 238 961 277; x_wconf 74' lang='lat' dir='ltr'><strong>ANTONII</strong></span> <span class='ocrx_word' id='word_1_5' title='bbox 1001 238 1056 276; x_wconf 84' lang='lat' dir='ltr'>M.</span> <span class='ocrx_word' id='word_1_6' title='bbox 1098 238 1404 276; x_wconf 76' lang='lat' dir='ltr'><strong>ANDERLEDY</strong></span> <span class='ocrx_word' id='word_1_7' title='bbox 1612 225 1704 279; x_wconf 62' lang='lat'>40²1</span> 
     </span>
    </p>
   </div>
   <div class='ocr_carea' id='block_1_2' title="bbox 183 381 1724 1381">
    <p class='ocr_par' dir='ltr' id='par_1_2' title="bbox 266 381 1712 526">
     <span class='ocr_line' id='line_1_2' title="bbox 266 381 1712 435; baseline -0.003 -5"><span class='ocrx_word' id='word_1_8' title='bbox 266 386 335 431; x_wconf 82' lang='lat' dir='ltr'>lia.</span> <span class='ocrx_word' id='word_1_9' title='bbox 361 384 551 430; x_wconf 80' lang='lat' dir='ltr'>Annales</span> <span class='ocrx_word' id='word_1_10' title='bbox 573 396 679 427; x_wconf 90' lang='lat' dir='ltr'>vero</span> <span class='ocrx_word' id='word_1_11' title='bbox 702 381 841 427; x_wconf 85' lang='lat' dir='ltr'>nostri</span> <span class='ocrx_word' id='word_1_12' title='bbox 861 381 1032 425; x_wconf 85' lang='lat' dir='ltr'>illarum</span> <span class='ocrx_word' id='word_1_13' title='bbox 1054 382 1223 426; x_wconf 87' lang='lat' dir='ltr'>fructus</span> <span class='ocrx_word' id='word_1_14' title='bbox 1244 387 1492 426; x_wconf 83' lang='lat' dir='ltr'>memorant</span> <span class='ocrx_word' id='word_1_15' title='bbox 1512 381 1555 425; x_wconf 93' lang='lat' dir='ltr'>in</span> <span class='ocrx_word' id='word_1_16' title='bbox 1579 382 1712 435; x_wconf 87' lang='lat' dir='ltr'>ltalia,</span> 
     </span>
     <span class='ocr_line' id='line_1_3' title="bbox 267 467 1310 526; baseline -0.006 -10"><span class='ocrx_word' id='word_1_17' title='bbox 267 472 311 516; x_wconf 90' lang='lat' dir='ltr'>in</span> <span class='ocrx_word' id='word_1_18' title='bbox 334 470 544 526; x_wconf 82' lang='lat' dir='ltr'>Hispania</span> <span class='ocrx_word' id='word_1_19' title='bbox 565 475 608 514; x_wconf 84' lang='lat' dir='ltr'>et</span> <span class='ocrx_word' id='word_1_20' title='bbox 624 467 845 513; x_wconf 83' lang='lat' dir='ltr'>Lusitania</span> <span class='ocrx_word' id='word_1_21' title='bbox 867 474 910 512; x_wconf 88' lang='lat' dir='ltr'>et</span> <span class='ocrx_word' id='word_1_22' title='bbox 931 473 1052 512; x_wconf 85' lang='lat' dir='ltr'>extra</span> <span class='ocrx_word' id='word_1_23' title='bbox 1073 467 1310 522; x_wconf 88' lang='lat' dir='ltr'>Europam.</span> 
     </span>
    </p>

    <p class='ocr_par' dir='ltr' id='par_1_3' title="bbox 183 553 1720 1114">
     <span class='ocr_line' id='line_1_4' title="bbox 183 553 1718 608; baseline -0.005 -5"><span class='ocrx_word' id='word_1_24' title='bbox 183 560 223 604; x_wconf 88' lang='grc'>3.</span> <span class='ocrx_word' id='word_1_25' title='bbox 268 558 364 603; x_wconf 89' lang='lat' dir='ltr'>Pari</span> <span class='ocrx_word' id='word_1_26' title='bbox 395 557 538 602; x_wconf 91' lang='lat' dir='ltr'>studio</span> <span class='ocrx_word' id='word_1_27' title='bbox 569 554 732 600; x_wconf 89' lang='lat' dir='ltr'>similes</span> <span class='ocrx_word' id='word_1_28' title='bbox 762 554 932 598; x_wconf 86' lang='lat' dir='ltr'>fructus</span> <span class='ocrx_word' id='word_1_29' title='bbox 962 553 1277 608; x_wconf 77' lang='lat' dir='ltr'>percipiemus,</span> <span class='ocrx_word' id='word_1_30' title='bbox 1302 553 1351 604; x_wconf 88' lang='lat' dir='ltr'>si,</span> <span class='ocrx_word' id='word_1_31' title='bbox 1373 553 1492 607; x_wconf 83' lang='lat' dir='ltr'>quod</span> <span class='ocrx_word' id='word_1_32' title='bbox 1523 553 1578 597; x_wconf 86' lang='lat' dir='ltr'>de</span> <span class='ocrx_word' id='word_1_33' title='bbox 1611 567 1718 597; x_wconf 88' lang='lat' dir='ltr'>cura</span> 
     </span>
     <span class='ocr_line' id='line_1_5' title="bbox 266 638 1715 697; baseline -0.005 -8"><span class='ocrx_word' id='word_1_34' title='bbox 266 646 474 689; x_wconf 74' lang='lat' dir='ltr'>iuvenum</span> <span class='ocrx_word' id='word_1_35' title='bbox 496 641 725 697; x_wconf 86' lang='lat' dir='ltr'>Episcopis</span> <span class='ocrx_word' id='word_1_36' title='bbox 739 639 1089 693; x_wconf 87' lang='lat' dir='ltr'>commendatur,</span> <span class='ocrx_word' id='word_1_37' title='bbox 1113 640 1242 684; x_wconf 88' lang='lat' dir='ltr'>etiam</span> <span class='ocrx_word' id='word_1_38' title='bbox 1267 638 1393 683; x_wconf 89' lang='lat' dir='ltr'>nobis</span> <span class='ocrx_word' id='word_1_39' title='bbox 1423 645 1715 693; x_wconf 88' lang='lat' dir='ltr'>praeceptum</span> 
     </span>
     <span class='ocr_line' id='line_1_6' title="bbox 267 723 1714 782; baseline -0.005 -8"><span class='ocrx_word' id='word_1_40' title='bbox 267 743 365 774; x_wconf 89' lang='lat' dir='ltr'>esse</span> <span class='ocrx_word' id='word_1_41' title='bbox 405 733 677 782; x_wconf 89' lang='lat' dir='ltr'>reputemus.</span> <span class='ocrx_word' id='word_1_42' title='bbox 721 725 865 778; x_wconf 89' lang='lat' dir='ltr'>Quare</span> <span class='ocrx_word' id='word_1_43' title='bbox 912 724 1008 769; x_wconf 91' lang='lat' dir='ltr'>illos</span> <span class='ocrx_word' id='word_1_44' title='bbox 1043 738 1068 768; x_wconf 87' lang='lat' dir='ltr'>a</span> <span class='ocrx_word' id='word_1_45' title='bbox 1101 724 1386 768; x_wconf 83' lang='lat' dir='ltr'>clandestinis</span> <span class='ocrx_word' id='word_1_46' title='bbox 1427 723 1714 768; x_wconf 86' lang='lat' dir='ltr'>societatibus</span> 
     </span>
     <span class='ocr_line' id='line_1_7' title="bbox 267 808 1720 867; baseline -0.005 -8"><span class='ocrx_word' id='word_1_47' title='bbox 267 827 441 861; x_wconf 77' lang='lat' dir='ltr'>cavere.</span> <span class='ocrx_word' id='word_1_48' title='bbox 459 812 612 867; x_wconf 83' lang='lat' dir='ltr'>quavis</span> <span class='ocrx_word' id='word_1_49' title='bbox 627 810 860 855; x_wconf 88' lang='lat' dir='ltr'>occasione</span> <span class='ocrx_word' id='word_1_50' title='bbox 878 810 1130 854; x_wconf 86' lang='lat' dir='ltr'>doceamus.</span> <span class='ocrx_word' id='word_1_51' title='bbox 1145 809 1265 864; x_wconf 91' lang='lat' dir='ltr'>Opus</span> <span class='ocrx_word' id='word_1_52' title='bbox 1282 808 1387 853; x_wconf 91' lang='lat' dir='ltr'>illud</span> <span class='ocrx_word' id='word_1_53' title='bbox 1405 808 1720 863; x_wconf 84' lang='lat' dir='ltr'>aggrediamur</span> 
     </span>
     <span class='ocr_line' id='line_1_8' title="bbox 268 892 1720 949; baseline -0.004 -6"><span class='ocrx_word' id='word_1_54' title='bbox 268 900 371 944; x_wconf 86' lang='lat' dir='ltr'>nihil</span> <span class='ocrx_word' id='word_1_55' title='bbox 387 903 660 949; x_wconf 85' lang='lat' dir='ltr'>cunctantes,</span> <span class='ocrx_word' id='word_1_56' title='bbox 673 896 779 940; x_wconf 90' lang='lat' dir='ltr'>nihil</span> <span class='ocrx_word' id='word_1_57' title='bbox 792 895 1080 949; x_wconf 88' lang='lat' dir='ltr'>trepidantes,</span> <span class='ocrx_word' id='word_1_58' title='bbox 1094 894 1199 938; x_wconf 87' lang='lat' dir='ltr'>nulli</span> <span class='ocrx_word' id='word_1_59' title='bbox 1213 894 1353 938; x_wconf 89' lang='lat' dir='ltr'>labori</span> <span class='ocrx_word' id='word_1_60' title='bbox 1366 900 1625 949; x_wconf 88' lang='lat' dir='ltr'>parcentes:</span> <span class='ocrx_word' id='word_1_61' title='bbox 1643 892 1720 937; x_wconf 90' lang='lat' dir='ltr'>Dei</span> 
     </span>
     <span class='ocr_line' id='line_1_9' title="bbox 269 979 1720 1035; baseline -0.005 -6"><span class='ocrx_word' id='word_1_62' title='bbox 269 985 385 1030; x_wconf 89' lang='lat' dir='ltr'>enim</span> <span class='ocrx_word' id='word_1_63' title='bbox 405 984 513 1028; x_wconf 91' lang='lat' dir='ltr'>haec</span> <span class='ocrx_word' id='word_1_64' title='bbox 535 988 602 1027; x_wconf 91' lang='lat' dir='ltr'>est</span> <span class='ocrx_word' id='word_1_65' title='bbox 623 981 842 1035; x_wconf 83' lang='lat' dir='ltr'>voluntas,</span> <span class='ocrx_word' id='word_1_66' title='bbox 864 987 912 1025; x_wconf 87' lang='lat' dir='ltr'>ut</span> <span class='ocrx_word' id='word_1_67' title='bbox 933 994 1088 1024; x_wconf 88' lang='lat' dir='ltr'>omnes</span> <span class='ocrx_word' id='word_1_68' title='bbox 1112 980 1262 1024; x_wconf 85' lang='lat' dir='ltr'>Patres</span> <span class='ocrx_word' id='word_1_69' title='bbox 1285 979 1390 1024; x_wconf 92' lang='lat' dir='ltr'>illud</span> <span class='ocrx_word' id='word_1_70' title='bbox 1414 979 1496 1024; x_wconf 91' lang='lat' dir='ltr'>sibi</span> <span class='ocrx_word' id='word_1_71' title='bbox 1518 979 1720 1023; x_wconf 90' lang='lat' dir='ltr'>commis-</span> 
     </span>
     <span class='ocr_line' id='line_1_10' title="bbox 271 1068 647 1114; baseline -0.008 0"><span class='ocrx_word' id='word_1_72' title='bbox 271 1084 367 1114; x_wconf 91' lang='lat' dir='ltr'>sum</span> <span class='ocrx_word' id='word_1_73' title='bbox 381 1068 647 1113; x_wconf 84' lang='lat' dir='ltr'>existiment.</span> 
     </span>
    </p>

    <p class='ocr_par' dir='ltr' id='par_1_4' title="bbox 187 1149 1724 1381">
     <span class='ocr_line' id='line_1_11' title="bbox 187 1149 1720 1206; baseline -0.004 -6"><span class='ocrx_word' id='word_1_74' title='bbox 187 1156 228 1200; x_wconf 72' lang='lat'>4.</span> <span class='ocrx_word' id='word_1_75' title='bbox 271 1154 472 1200; x_wconf 89' lang='lat' dir='ltr'>Hortanti</span> <span class='ocrx_word' id='word_1_76' title='bbox 489 1152 646 1199; x_wconf 88' lang='lat' dir='ltr'>Christi</span> <span class='ocrx_word' id='word_1_77' title='bbox 662 1152 832 1196; x_wconf 84' lang='lat' dir='ltr'>Vicario</span> <span class='ocrx_word' id='word_1_78' title='bbox 851 1151 1078 1204; x_wconf 91' lang='lat' dir='ltr'>oboedire,</span> <span class='ocrx_word' id='word_1_79' title='bbox 1112 1151 1230 1206; x_wconf 86' lang='lat' dir='ltr'>quod</span> <span class='ocrx_word' id='word_1_80' title='bbox 1258 1164 1340 1195; x_wconf 90' lang='lat' dir='ltr'>nos</span> <span class='ocrx_word' id='word_1_81' title='bbox 1357 1151 1506 1195; x_wconf 89' lang='lat' dir='ltr'>docuit</span> <span class='ocrx_word' id='word_1_82' title='bbox 1525 1150 1566 1195; x_wconf 92' lang='lat' dir='ltr'>S.</span> <span class='ocrx_word' id='word_1_83' title='bbox 1594 1149 1638 1194; x_wconf 88' lang='lat' dir='ltr'>P.</span> <span class='ocrx_word' id='word_1_84' title='bbox 1664 1151 1720 1203; x_wconf 92' lang='lat' dir='ltr'>I.;</span> 
     </span>
     <span class='ocr_line' id='line_1_12' title="bbox 273 1236 1724 1291; baseline -0.004 -5"><span class='ocrx_word' id='word_1_85' title='bbox 273 1241 390 1286; x_wconf 89' lang='lat' dir='ltr'>salus</span> <span class='ocrx_word' id='word_1_86' title='bbox 411 1246 479 1285; x_wconf 88' lang='lat' dir='ltr'>est</span> <span class='ocrx_word' id='word_1_87' title='bbox 507 1253 557 1283; x_wconf 86' lang='lat' dir='ltr'>ac</span> <span class='ocrx_word' id='word_1_88' title='bbox 584 1239 672 1283; x_wconf 79' lang='lat' dir='ltr'>vita</span> <span class='ocrx_word' id='word_1_89' title='bbox 704 1243 871 1283; x_wconf 90' lang='lat' dir='ltr'>nostra.</span> <span class='ocrx_word' id='word_1_90' title='bbox 895 1237 959 1282; x_wconf 85' lang='lat' dir='ltr'>Ad</span> <span class='ocrx_word' id='word_1_91' title='bbox 981 1243 1135 1282; x_wconf 89' lang='lat' dir='ltr'>nutum</span> <span class='ocrx_word' id='word_1_92' title='bbox 1157 1250 1264 1291; x_wconf 87' lang='lat' dir='ltr'>ergo</span> <span class='ocrx_word' id='word_1_93' title='bbox 1286 1236 1400 1281; x_wconf 91' lang='lat' dir='ltr'>illius</span> <span class='ocrx_word' id='word_1_94' title='bbox 1421 1242 1590 1281; x_wconf 89' lang='lat' dir='ltr'>tantum</span> <span class='ocrx_word' id='word_1_95' title='bbox 1612 1249 1724 1291; x_wconf 91' lang='lat' dir='ltr'>opus</span> 
     </span>
     <span class='ocr_line' id='line_1_13' title="bbox 271 1322 1667 1381; baseline -0.004 -10"><span class='ocrx_word' id='word_1_96' title='bbox 271 1326 598 1381; x_wconf 82' lang='lat' dir='ltr'>aggrediamur,</span> <span class='ocrx_word' id='word_1_97' title='bbox 623 1323 841 1378; x_wconf 83' lang='lat' dir='ltr'>nobisque</span> <span class='ocrx_word' id='word_1_98' title='bbox 864 1322 980 1368; x_wconf 91' lang='lat' dir='ltr'>Deus</span> <span class='ocrx_word' id='word_1_99' title='bbox 997 1337 1097 1367; x_wconf 90' lang='lat' dir='ltr'>cum</span> <span class='ocrx_word' id='word_1_100' title='bbox 1118 1322 1159 1367; x_wconf 79' lang='lat' dir='ltr'>S.</span> <span class='ocrx_word' id='word_1_101' title='bbox 1187 1323 1396 1368; x_wconf 86' lang='lat' dir='ltr'>Pontifice</span> <span class='ocrx_word' id='word_1_102' title='bbox 1417 1322 1667 1368; x_wconf 88' lang='lat' dir='ltr'>benedicet.</span> 
     </span>
    </p>
   </div>
   <div class='ocr_carea' id='block_1_3' title="bbox 235 1520 1669 1589">
    <p class='ocr_par' dir='ltr' id='par_1_5' title="bbox 235 1520 1669 1589">
     <span class='ocr_line' id='line_1_14' title="bbox 235 1520 1669 1589; baseline -0.003 -10"><span class='ocrx_word' id='word_1_103' title='bbox 235 1526 298 1579; x_wconf 90' lang='grc' dir='ltr'>ΙΙ.</span> <span class='ocrx_word' id='word_1_104' title='bbox 324 1540 390 1579; x_wconf 72' lang='lat' dir='ltr'>AD</span> <span class='ocrx_word' id='word_1_105' title='bbox 419 1540 613 1578; x_wconf 68' lang='lat' dir='ltr'>PATREs</span> <span class='ocrx_word' id='word_1_106' title='bbox 642 1539 704 1577; x_wconf 85' lang='lat' dir='ltr'>ET</span> <span class='ocrx_word' id='word_1_107' title='bbox 731 1538 961 1577; x_wconf 73' lang='lat' dir='ltr'>FRATRES</span> <span class='ocrx_word' id='word_1_108' title='bbox 989 1537 1305 1589; x_wconf 71' lang='lat' dir='ltr'>SOCIETATIS,</span> <span class='ocrx_word' id='word_1_109' title='bbox 1330 1522 1354 1576; x_wconf 80' lang='lat' dir='ltr'>‘l</span> <span class='ocrx_word' id='word_1_110' title='bbox 1388 1538 1510 1576; x_wconf 87' lang='lat' dir='ltr'>nov.</span> <span class='ocrx_word' id='word_1_111' title='bbox 1536 1520 1669 1576; x_wconf 71' lang='lat'>1887</span> 
     </span>
    </p>
   </div>
   <div class='ocr_carea' id='block_1_4' title="bbox 234 1660 1659 1828">
    <p class='ocr_par' dir='ltr' id='par_1_6' title="bbox 234 1660 1659 1828">
     <span class='ocr_line' id='line_1_15' title="bbox 234 1660 1659 1728; baseline -0.004 -9"><span class='ocrx_word' id='word_1_112' title='bbox 234 1665 310 1719; x_wconf 83' lang='lat' dir='ltr'>De</span> <span class='ocrx_word' id='word_1_113' title='bbox 329 1670 543 1719; x_wconf 74' lang='lat' dir='ltr'>cruento</span> <span class='ocrx_word' id='word_1_114' title='bbox 563 1663 676 1717; x_wconf 88' lang='lat' dir='ltr'>BB.</span> <span class='ocrx_word' id='word_1_115' title='bbox 702 1662 988 1716; x_wconf 77' lang='lat' dir='ltr'>Edmundz&#39;</span> <span class='ocrx_word' id='word_1_116' title='bbox 1011 1660 1310 1728; x_wconf 78' lang='lat' dir='ltr'>Campiam&#39;</span> <span class='ocrx_word' id='word_1_117' title='bbox 1329 1667 1379 1714; x_wconf 79' lang='lat' dir='ltr'>et</span> <span class='ocrx_word' id='word_1_118' title='bbox 1396 1661 1659 1714; x_wconf 73' lang='lat' dir='ltr'>sociorum</span> 
     </span>
     <span class='ocr_line' id='line_1_16' title="bbox 351 1761 1547 1828; baseline -0.003 -11"><span class='ocrx_word' id='word_1_119' title='bbox 351 1781 411 1817; x_wconf 80' lang='lat' dir='ltr'>ac</span> <span class='ocrx_word' id='word_1_120' title='bbox 429 1765 492 1818; x_wconf 76' lang='lat' dir='ltr'>de</span> <span class='ocrx_word' id='word_1_121' title='bbox 512 1763 788 1817; x_wconf 76' lang='lat' dir='ltr'>incruento</span> <span class='ocrx_word' id='word_1_122' title='bbox 808 1761 906 1815; x_wconf 77' lang='lat' dir='ltr'>nob</span> <span class='ocrx_word' id='word_1_123' title='bbox 914 1761 961 1815; x_wconf 77' lang='lat' dir='ltr'>is</span> <span class='ocrx_word' id='word_1_124' title='bbox 980 1761 1251 1814; x_wconf 76' lang='lat' dir='ltr'>subeundo</span> <span class='ocrx_word' id='word_1_125' title='bbox 1276 1761 1547 1828; x_wconf 73' lang='lat' dir='ltr'>martyrio</span> 
     </span>
    </p>
   </div>
   <div class='ocr_carea' id='block_1_5' title="bbox 626 1887 1268 1959">
    <p class='ocr_par' dir='ltr' id='par_1_7' title="bbox 626 1887 1268 1959">
     <span class='ocr_line' id='line_1_17' title="bbox 626 1887 1268 1959; baseline -0.005 -14"><span class='ocrx_word' id='word_1_126' title='bbox 626 1890 797 1959; x_wconf 84' lang='lat' dir='ltr'>(Tom.</span> <span class='ocrx_word' id='word_1_127' title='bbox 829 1890 913 1958; x_wconf 94' lang='lat' dir='ltr'>IV,</span> <span class='ocrx_word' id='word_1_128' title='bbox 943 1907 1032 1958; x_wconf 92' lang='lat' dir='ltr'>pp.</span> <span class='ocrx_word' id='word_1_129' title='bbox 1063 1887 1268 1956; x_wconf 56' lang='lat' dir='ltr'>eti-94.)</span> 
     </span>
    </p>
   </div>
   <div class='ocr_carea' id='block_1_6' title="bbox 198 2059 1743 3314">
    <p class='ocr_par' dir='ltr' id='par_1_8' title="bbox 198 2059 1735 2280">
     <span class='ocr_line' id='line_1_18' title="bbox 198 2059 1735 2117; baseline -0.003 -9"><span class='ocrx_word' id='word_1_130' title='bbox 198 2066 235 2108; x_wconf 93' lang='lat'>1.</span> <span class='ocrx_word' id='word_1_131' title='bbox 279 2063 501 2117; x_wconf 86' lang='lat' dir='ltr'>Insignem</span> <span class='ocrx_word' id='word_1_132' title='bbox 537 2061 823 2116; x_wconf 85' lang='lat' dir='ltr'>Anglicorum</span> <span class='ocrx_word' id='word_1_133' title='bbox 865 2060 1105 2116; x_wconf 80' lang='lat' dir='ltr'>Martyrum</span> <span class='ocrx_word' id='word_1_134' title='bbox 1146 2059 1331 2114; x_wconf 82' lang='lat' dir='ltr'>gloriam</span> <span class='ocrx_word' id='word_1_135' title='bbox 1369 2059 1451 2104; x_wconf 90' lang='lat' dir='ltr'>sibi</span> <span class='ocrx_word' id='word_1_136' title='bbox 1489 2059 1735 2113; x_wconf 83' lang='lat' dir='ltr'>gratulatur</span> 
     </span>
     <span class='ocr_line' id='line_1_19' title="bbox 280 2145 1734 2202; baseline -0.003 -8"><span class='ocrx_word' id='word_1_137' title='bbox 280 2149 490 2202; x_wconf 87' lang='lat' dir='ltr'>Ecclesia,</span> <span class='ocrx_word' id='word_1_138' title='bbox 511 2148 750 2202; x_wconf 85' lang='lat' dir='ltr'>Britannia,</span> <span class='ocrx_word' id='word_1_139' title='bbox 769 2148 869 2192; x_wconf 91' lang='lat' dir='ltr'>Iesu</span> <span class='ocrx_word' id='word_1_140' title='bbox 884 2147 1095 2201; x_wconf 89' lang='lat' dir='ltr'>Societas,</span> <span class='ocrx_word' id='word_1_141' title='bbox 1115 2146 1347 2191; x_wconf 81' lang='lat' dir='ltr'>Provincia</span> <span class='ocrx_word' id='word_1_142' title='bbox 1362 2145 1560 2201; x_wconf 82' lang='lat' dir='ltr'>Anglica,</span> <span class='ocrx_word' id='word_1_143' title='bbox 1580 2145 1734 2191; x_wconf 88' lang='lat' dir='ltr'>Hiber-</span> 
     </span>
     <span class='ocr_line' id='line_1_20' title="bbox 282 2235 369 2280; baseline 0.011 -1"><span class='ocrx_word' id='word_1_144' title='bbox 282 2235 369 2280; x_wconf 87' lang='lat' dir='ltr'>nia.</span> 
     </span>
    </p>

    <p class='ocr_par' dir='ltr' id='par_1_9' title="bbox 199 2317 1740 2888">
     <span class='ocr_line' id='line_1_21' title="bbox 199 2317 1735 2373; baseline -0.002 -9"><span class='ocrx_word' id='word_1_145' title='bbox 199 2320 284 2365; x_wconf 72' lang='lat'>2-5.</span> <span class='ocrx_word' id='word_1_146' title='bbox 318 2321 366 2364; x_wconf 89' lang='lat' dir='ltr'>ln</span> <span class='ocrx_word' id='word_1_147' title='bbox 397 2319 491 2364; x_wconf 89' lang='lat' dir='ltr'>sola</span> <span class='ocrx_word' id='word_1_148' title='bbox 515 2332 622 2364; x_wconf 84' lang='lat' dir='ltr'>vero</span> <span class='ocrx_word' id='word_1_149' title='bbox 653 2318 794 2373; x_wconf 88' lang='lat' dir='ltr'>gloria</span> <span class='ocrx_word' id='word_1_150' title='bbox 824 2318 1230 2373; x_wconf 83' lang='lat' dir='ltr'>conquiescendum</span> <span class='ocrx_word' id='word_1_151' title='bbox 1262 2317 1390 2362; x_wconf 87' lang='lat' dir='ltr'>nobis</span> <span class='ocrx_word' id='word_1_152' title='bbox 1421 2332 1509 2362; x_wconf 89' lang='lat' dir='ltr'>non</span> <span class='ocrx_word' id='word_1_153' title='bbox 1541 2323 1624 2362; x_wconf 90' lang='lat' dir='ltr'>est.</span> <span class='ocrx_word' id='word_1_154' title='bbox 1652 2317 1735 2362; x_wconf 89' lang='lat' dir='ltr'>Sed</span> 
     </span>
     <span class='ocr_line' id='line_1_22' title="bbox 280 2403 1734 2458; baseline -0.002 -8"><span class='ocrx_word' id='word_1_155' title='bbox 280 2405 538 2451; x_wconf 89' lang='lat' dir='ltr'>imitandum</span> <span class='ocrx_word' id='word_1_156' title='bbox 558 2405 839 2450; x_wconf 90' lang='lat' dir='ltr'>incruentum</span> <span class='ocrx_word' id='word_1_157' title='bbox 857 2405 902 2449; x_wconf 92' lang='lat' dir='ltr'>B.</span> <span class='ocrx_word' id='word_1_158' title='bbox 922 2404 1140 2449; x_wconf 87' lang='lat' dir='ltr'>Edmundi</span> <span class='ocrx_word' id='word_1_159' title='bbox 1156 2411 1200 2449; x_wconf 94' lang='lat' dir='ltr'>et</span> <span class='ocrx_word' id='word_1_160' title='bbox 1216 2404 1437 2449; x_wconf 90' lang='lat' dir='ltr'>sociorum</span> <span class='ocrx_word' id='word_1_161' title='bbox 1458 2403 1734 2458; x_wconf 82' lang='lat' dir='ltr'>martyrium,</span> 
     </span>
     <span class='ocr_line' id='line_1_23' title="bbox 283 2490 1735 2546; baseline -0.001 -10"><span class='ocrx_word' id='word_1_162' title='bbox 283 2492 430 2537; x_wconf 91' lang='lat' dir='ltr'>mitius</span> <span class='ocrx_word' id='word_1_163' title='bbox 453 2491 644 2546; x_wconf 86' lang='lat' dir='ltr'>quidem,</span> <span class='ocrx_word' id='word_1_164' title='bbox 670 2491 747 2535; x_wconf 93' lang='lat' dir='ltr'>sed</span> <span class='ocrx_word' id='word_1_165' title='bbox 767 2491 959 2545; x_wconf 86' lang='lat' dir='ltr'>longius,</span> <span class='ocrx_word' id='word_1_166' title='bbox 981 2491 1173 2545; x_wconf 88' lang='lat' dir='ltr'>positum</span> <span class='ocrx_word' id='word_1_167' title='bbox 1195 2491 1239 2535; x_wconf 89' lang='lat' dir='ltr'>in</span> <span class='ocrx_word' id='word_1_168' title='bbox 1257 2491 1551 2545; x_wconf 85' lang='lat' dir='ltr'>abnegatione</span> <span class='ocrx_word' id='word_1_169' title='bbox 1573 2490 1735 2544; x_wconf 88' lang='lat' dir='ltr'>carnis,</span> 
     </span>
     <span class='ocr_line' id='line_1_24' title="bbox 286 2574 1737 2630; baseline -0.002 -9"><span class='ocrx_word' id='word_1_170' title='bbox 286 2591 513 2630; x_wconf 88' lang='lat' dir='ltr'>sensuum,</span> <span class='ocrx_word' id='word_1_171' title='bbox 545 2576 798 2630; x_wconf 85' lang='lat' dir='ltr'>amorisque</span> <span class='ocrx_word' id='word_1_172' title='bbox 832 2575 1003 2630; x_wconf 89' lang='lat' dir='ltr'>proprii</span> <span class='ocrx_word' id='word_1_173' title='bbox 1038 2581 1081 2620; x_wconf 88' lang='lat' dir='ltr'>et</span> <span class='ocrx_word' id='word_1_174' title='bbox 1112 2575 1340 2629; x_wconf 83' lang='lat' dir='ltr'>mundani,</span> <span class='ocrx_word' id='word_1_175' title='bbox 1381 2576 1426 2619; x_wconf 90' lang='lat' dir='ltr'>in</span> <span class='ocrx_word' id='word_1_176' title='bbox 1464 2575 1617 2619; x_wconf 90' lang='lat' dir='ltr'>militia</span> <span class='ocrx_word' id='word_1_177' title='bbox 1656 2574 1737 2619; x_wconf 86' lang='lat' dir='ltr'>sub</span> 
     </span>
     <span class='ocr_line' id='line_1_25' title="bbox 287 2659 1737 2715; baseline -0.002 -9"><span class='ocrx_word' id='word_1_178' title='bbox 287 2662 431 2706; x_wconf 91' lang='lat' dir='ltr'>crucis</span> <span class='ocrx_word' id='word_1_179' title='bbox 452 2661 631 2714; x_wconf 80' lang='lat' dir='ltr'>vexillo;</span> <span class='ocrx_word' id='word_1_180' title='bbox 655 2661 799 2715; x_wconf 91' lang='lat' dir='ltr'>primo</span> <span class='ocrx_word' id='word_1_181' title='bbox 818 2666 862 2705; x_wconf 94' lang='lat' dir='ltr'>et</span> <span class='ocrx_word' id='word_1_182' title='bbox 877 2674 1055 2715; x_wconf 90' lang='lat' dir='ltr'>semper</span> <span class='ocrx_word' id='word_1_183' title='bbox 1071 2666 1172 2705; x_wconf 89' lang='lat' dir='ltr'>ante</span> <span class='ocrx_word' id='word_1_184' title='bbox 1189 2660 1340 2705; x_wconf 82' lang='lat' dir='ltr'>oculos</span> <span class='ocrx_word' id='word_1_185' title='bbox 1361 2660 1564 2704; x_wconf 87' lang='lat' dir='ltr'>habendo</span> <span class='ocrx_word' id='word_1_186' title='bbox 1583 2659 1737 2714; x_wconf 88' lang='lat' dir='ltr'>Deum,</span> 
     </span>
     <span class='ocr_line' id='line_1_26' title="bbox 287 2746 1740 2801; baseline -0.001 -9"><span class='ocrx_word' id='word_1_187' title='bbox 287 2755 331 2793; x_wconf 91' lang='lat' dir='ltr'>et</span> <span class='ocrx_word' id='word_1_188' title='bbox 350 2747 596 2792; x_wconf 87' lang='lat' dir='ltr'>amovendo</span> <span class='ocrx_word' id='word_1_189' title='bbox 619 2761 670 2792; x_wconf 91' lang='lat' dir='ltr'>ea</span> <span class='ocrx_word' id='word_1_190' title='bbox 692 2761 805 2801; x_wconf 85' lang='lat' dir='ltr'>quae</span> <span class='ocrx_word' id='word_1_191' title='bbox 826 2761 850 2790; x_wconf 90' lang='lat' dir='ltr'>a</span> <span class='ocrx_word' id='word_1_192' title='bbox 879 2746 969 2791; x_wconf 88' lang='lat' dir='ltr'>Deo</span> <span class='ocrx_word' id='word_1_193' title='bbox 991 2747 1216 2792; x_wconf 88' lang='lat' dir='ltr'>abducunt</span> <span class='ocrx_word' id='word_1_194' title='bbox 1244 2747 1453 2799; x_wconf 85' lang='lat' dir='ltr'>animum,</span> <span class='ocrx_word' id='word_1_195' title='bbox 1474 2746 1592 2801; x_wconf 88' lang='lat' dir='ltr'>quod</span> <span class='ocrx_word' id='word_1_196' title='bbox 1613 2760 1740 2801; x_wconf 91' lang='lat' dir='ltr'>prae-</span> 
     </span>
     <span class='ocr_line' id='line_1_27' title="bbox 289 2833 1106 2888; baseline -0.001 -10"><span class='ocrx_word' id='word_1_197' title='bbox 289 2834 394 2888; x_wconf 88' lang='lat' dir='ltr'>cipit</span> <span class='ocrx_word' id='word_1_198' title='bbox 408 2833 564 2888; x_wconf 84' lang='lat' dir='ltr'>regula</span> <span class='ocrx_word' id='word_1_199' title='bbox 585 2839 738 2878; x_wconf 87' lang='lat' dir='ltr'>octava</span> <span class='ocrx_word' id='word_1_200' title='bbox 759 2833 812 2878; x_wconf 92' lang='lat' dir='ltr'>de</span> <span class='ocrx_word' id='word_1_201' title='bbox 832 2833 1106 2887; x_wconf 86' lang='lat' dir='ltr'>parentibus.</span> 
     </span>
    </p>

    <p class='ocr_par' dir='ltr' id='par_1_10' title="bbox 206 2919 1741 3150">
     <span class='ocr_line' id='line_1_28' title="bbox 206 2919 1741 2974; baseline -0.002 -9"><span class='ocrx_word' id='word_1_202' title='bbox 206 2920 291 2965; x_wconf 85' lang='grc'><strong>6-7.</strong></span> <span class='ocrx_word' id='word_1_203' title='bbox 325 2920 377 2964; x_wconf 93' lang='lat' dir='ltr'>Hi</span> <span class='ocrx_word' id='word_1_204' title='bbox 400 2920 696 2974; x_wconf 87' lang='lat' dir='ltr'>relinquendi.</span> <span class='ocrx_word' id='word_1_205' title='bbox 715 2919 912 2964; x_wconf 89' lang='lat' dir='ltr'>Praemia</span> <span class='ocrx_word' id='word_1_206' title='bbox 926 2920 1147 2974; x_wconf 88' lang='lat' dir='ltr'>promissa</span> <span class='ocrx_word' id='word_1_207' title='bbox 1167 2919 1522 2974; x_wconf 85' lang='lat' dir='ltr'>relinquentibus</span> <span class='ocrx_word' id='word_1_208' title='bbox 1539 2932 1629 2962; x_wconf 90' lang='lat' dir='ltr'>non</span> <span class='ocrx_word' id='word_1_209' title='bbox 1646 2932 1741 2962; x_wconf 88' lang='lat' dir='ltr'>cor-</span> 
     </span>
     <span class='ocr_line' id='line_1_29' title="bbox 289 3004 1741 3061; baseline -0.001 -11"><span class='ocrx_word' id='word_1_210' title='bbox 289 3019 400 3061; x_wconf 91' lang='lat' dir='ltr'>pore</span> <span class='ocrx_word' id='word_1_211' title='bbox 441 3005 598 3060; x_wconf 91' lang='lat' dir='ltr'>solum,</span> <span class='ocrx_word' id='word_1_212' title='bbox 640 3005 718 3049; x_wconf 91' lang='lat' dir='ltr'>sed</span> <span class='ocrx_word' id='word_1_213' title='bbox 758 3006 888 3050; x_wconf 84' lang='lat' dir='ltr'>etiam</span> <span class='ocrx_word' id='word_1_214' title='bbox 928 3005 1090 3059; x_wconf 89' lang='lat' dir='ltr'>animo,</span> <span class='ocrx_word' id='word_1_215' title='bbox 1125 3011 1168 3050; x_wconf 93' lang='lat' dir='ltr'>et</span> <span class='ocrx_word' id='word_1_216' title='bbox 1211 3005 1358 3049; x_wconf 92' lang='lat' dir='ltr'>odium</span> <span class='ocrx_word' id='word_1_217' title='bbox 1402 3005 1666 3050; x_wconf 88' lang='lat' dir='ltr'>habentibus</span> <span class='ocrx_word' id='word_1_218' title='bbox 1695 3004 1741 3048; x_wconf 90' lang='lat' dir='ltr'>in</span> 
     </span>
     <span class='ocr_line' id='line_1_30' title="bbox 290 3092 1318 3150; baseline 0 -12"><span class='ocrx_word' id='word_1_219' title='bbox 290 3100 500 3150; x_wconf 89' lang='lat' dir='ltr'>parentes</span> <span class='ocrx_word' id='word_1_220' title='bbox 516 3093 629 3146; x_wconf 90' lang='lat' dir='ltr'>illos,</span> <span class='ocrx_word' id='word_1_221' title='bbox 649 3093 723 3148; x_wconf 87' lang='lat' dir='ltr'>qui</span> <span class='ocrx_word' id='word_1_222' title='bbox 744 3107 769 3137; x_wconf 86' lang='lat' dir='ltr'>a</span> <span class='ocrx_word' id='word_1_223' title='bbox 789 3092 880 3138; x_wconf 89' lang='lat' dir='ltr'>Deo</span> <span class='ocrx_word' id='word_1_224' title='bbox 902 3093 1022 3148; x_wconf 89' lang='lat' dir='ltr'>ipsos</span> <span class='ocrx_word' id='word_1_225' title='bbox 1044 3093 1318 3139; x_wconf 85' lang='lat' dir='ltr'>abstrahunt.</span> 
     </span>
    </p>

    <p class='ocr_par' dir='ltr' id='par_1_11' title="bbox 209 3179 1743 3314">
     <span class='ocr_line' id='line_1_31' title="bbox 209 3179 1743 3236; baseline -0.001 -11"><span class='ocrx_word' id='word_1_226' title='bbox 209 3180 249 3225; x_wconf 89' lang='lat'>8.</span> <span class='ocrx_word' id='word_1_227' title='bbox 289 3181 425 3225; x_wconf 86' lang='lat' dir='ltr'>Amor</span> <span class='ocrx_word' id='word_1_228' title='bbox 452 3186 688 3235; x_wconf 90' lang='lat' dir='ltr'>parentum</span> <span class='ocrx_word' id='word_1_229' title='bbox 719 3179 775 3225; x_wconf 91' lang='lat' dir='ltr'>sit</span> <span class='ocrx_word' id='word_1_230' title='bbox 804 3180 1043 3235; x_wconf 86' lang='lat' dir='ltr'>spiritualis</span> <span class='ocrx_word' id='word_1_231' title='bbox 1053 3194 1064 3234; x_wconf 92' lang='lat'>;</span> <span class='ocrx_word' id='word_1_232' title='bbox 1089 3180 1174 3225; x_wconf 89' lang='lat' dir='ltr'>erit</span> <span class='ocrx_word' id='word_1_233' title='bbox 1203 3180 1458 3236; x_wconf 87' lang='lat' dir='ltr'>spiritualis,</span> <span class='ocrx_word' id='word_1_234' title='bbox 1477 3179 1512 3224; x_wconf 91' lang='lat' dir='ltr'>si</span> <span class='ocrx_word' id='word_1_235' title='bbox 1532 3179 1677 3234; x_wconf 83' lang='lat' dir='ltr'>primo</span> <span class='ocrx_word' id='word_1_236' title='bbox 1699 3184 1743 3224; x_wconf 86' lang='lat' dir='ltr'>et</span> 
     </span>
     <span class='ocr_line' id='line_1_32' title="bbox 292 3266 1632 3314; baseline -0.002 0"><span class='ocrx_word' id='word_1_237' title='bbox 292 3269 423 3314; x_wconf 76' lang='grc' dir='ltr'>ΤοΜΕ</span> <span class='ocrx_word' id='word_1_238' title='bbox 453 3267 522 3313; x_wconf 85' lang='lat' dir='ltr'>IV.</span> <span class='ocrx_word' id='word_1_239' title='bbox 1578 3266 1632 3311; x_wconf 72' lang='lat'>26</span> 
     </span>
    </p>
   </div>
  </div>
 </body>
</html>
