2315 3559
547 223 594 260 R.
638 222 684 259 P.
726 222 777 259 N.
820 220 1027 259 CLAUDII
1067 220 1359 266 AQUAVIVAE
1623 206 1723 262 359

278 368 455 411 nomine
477 366 610 420 venit,
640 379 728 410 non
750 365 890 409 solum
913 364 1113 408 educatio
1146 369 1297 408 nostra
1325 364 1368 407 in
1392 363 1622 417 Societate,
1647 367 1722 410 sed

277 452 406 496 etiarn
435 450 642 505 quicquid
665 450 708 494 in
732 449 858 493 nohis
880 449 933 492 ad
956 448 1256 503 proximorum
1280 448 1508 492 utilitatem
1531 449 1722 503 impendi

276 543 436 592 potest.
461 536 525 580 Ad
545 537 627 580 hoc
650 535 859 579 talentum
881 541 982 589 apte
1008 534 1202 578 refertur
1232 533 1443 588 parabola
1478 533 1532 577 de
1565 534 1721 587 servis,

278 621 437 676 quibus
458 621 668 665 Dominus
689 620 977 674 proficiscens
997 619 1114 663 bona
1131 633 1207 664 sua
1229 619 1420 663 tradidit.

193 708 278 752 8-9.
303 708 396 760 Qua
428 706 637 762 parabola
664 720 899 750 monemur
929 712 976 749 ut
1002 705 1129 750 enixe
1162 719 1244 760 pro
1276 705 1389 748 virili
1424 711 1550 759 parte
1573 712 1724 750 nostra

274 793 607 845 contendamus,
626 798 716 835 tum
738 797 858 835 metu
879 805 1065 845 poenae,
1089 797 1179 834 tum
1203 805 1281 845 spe
1302 790 1501 845 praemii.

169 879 303 924 10-11.
328 877 527 932 Denique
558 877 610 920 ad
632 877 771 921 zelum
793 876 1037 920 animarum
1059 876 1213 920 invitat
1242 889 1323 919 nos
1354 875 1556 920 caelestis
1587 876 1724 930 Spon-

273 977 368 1017 sus;
407 962 530 1007 cuius
570 975 724 1006 vocem
764 961 984 1005 internam
1027 961 1125 1015 quis
1176 966 1377 1004 nostrum
1414 966 1482 1004 est
1522 960 1596 1014 qui
1633 974 1720 1004 non

275 1048 449 1092 audiat?

165 1133 228 1177 1⁹2.
264 1135 415 1188 Itaque
455 1133 508 1177 ad
546 1132 780 1177 missiones
821 1132 1066 1176 dimittendi
1099 1131 1250 1176 sedulo
1283 1145 1330 1175 se
1360 1137 1646 1186 praeparent,
1679 1137 1723 1175 et

272 1218 325 1262 ad
342 1232 417 1263 eas
434 1217 629 1262 omnium
645 1217 894 1262 voluntates
911 1216 1225 1261 accendantur.

241 1408 376 1461 VIII.
407 1422 473 1461 AD
501 1423 579 1461 pp,
611 1423 674 1461 ΕΤ
702 1423 781 1460 FF.
814 1421 1110 1460 soclETATIS
1136 1421 1273 1472 1Esu,
1298 1404 1329 1460 8
1357 1404 1484 1459 maii
1511 1405 1645 1460 1599

165 1548 299 1614 Quis
317 1548 390 1602 sit
408 1548 670 1602 orationis
688 1554 737 1602 et
752 1547 1217 1615 paenitentiarum
1237 1565 1366 1601 usus
1389 1547 1449 1602 in
1465 1546 1722 1602 Societate

605 1688 776 1755 (Tom.
809 1688 848 1755 Ι,
881 1705 971 1756 pp.
1002 1686 1276 1754 248-270.)

218 1867 279 1912 De
300 1868 500 1913 oratione
531 1875 575 1913 et
604 1868 875 1923 paenitentia
905 1868 948 1912 in
976 1868 1191 1913 Societate
1221 1868 1499 1922 quorundam
1527 1868 1721 1913 tollenda

271 1952 499 1997 dubitatio.

188 2040 225 2083 1.
268 2039 386 2084 Finis
417 2039 644 2084 Societatis
685 2039 883 2094 duplex3
922 2040 999 2084 sed
1034 2039 1181 2094 potior
1216 2039 1290 2094 qui
1326 2039 1379 2083 ad
1415 2053 1496 2083 nos
1532 2045 1716 2094 spectat.

268 2125 406 2170 Hujus
427 2126 694 2180 assequendi
717 2126 913 2171 rationes
945 2126 1274 2171 efficacissimae
1305 2126 1444 2170 oratio
1475 2132 1520 2170 et
1540 2126 1720 2170 mortifi-

271 2211 402 2256 catio.

185 2298 224 2340 ⁶2.
267 2297 458 2351 Tempus
480 2297 691 2342 orationis
721 2297 931 2342 limitatur
961 2297 1247 2341 scholasticis.
1283 2297 1499 2342 Professis
1521 2303 1565 2342 et
1585 2297 1718 2341 Coad-

267 2382 484 2427 iutoribus
523 2382 721 2427 formatis
760 2383 1019 2426 conceditur
1061 2383 1103 2426 id
1154 2396 1300 2435 omne,
1338 2382 1456 2436 quod
1496 2382 1715 2437 valetudo,

268 2468 426 2512 caritas
443 2474 486 2512 et
507 2468 786 2513 oboedientia
797 2469 1072 2523 permittunt.
1090 2468 1241 2522 Neque
1255 2469 1354 2512 huic
1376 2468 1569 2513 facultati
1590 2468 1717 2513 dero-

268 2560 341 2608 gat
359 2553 635 2608 praescripta
657 2553 861 2598 omnibus
881 2553 1177 2598 meditationis
1194 2554 1316 2597 hora.

185 2637 225 2681 3.
267 2638 420 2682 Modus
442 2644 486 2682 et
516 2639 700 2682 materia
734 2639 944 2683 orationis
979 2639 1203 2693 provectis
1239 2653 1328 2683 non
1364 2645 1466 2683 sunt
1499 2639 1716 2694 praescri-

266 2723 425 2767 benda.
467 2722 784 2778 Contemplatio
818 2724 1130 2778 mysteriorum
1176 2724 1421 2769 Divinitatis
1459 2738 1542 2768 nec
1578 2724 1716 2778 impo-

268 2808 427 2857 nenda,
460 2823 541 2853 nec
577 2809 902 2862 interdicenda;
935 2810 1066 2854 modo
1102 2824 1158 2854 ne
1192 2810 1292 2865 puis
1323 2810 1631 2864 imprudenter
1664 2823 1715 2853 ea

266 2901 442 2939 utatur:
466 2901 533 2940 est
553 2895 667 2939 enim
691 2894 761 2939 SS.
786 2895 961 2940 Patrum
983 2896 1253 2950 experientia
1275 2895 1574 2950 comprobata.

184 2981 222 3023 4.
266 2980 356 3024 Etsi
379 2980 589 3024 orationis
612 2980 845 3024 efficientia
869 2987 991 3026 recte
1013 2982 1066 3025 ad
1088 2982 1202 3026 aliud
1230 2982 1439 3035 refertur,
1462 2982 1594 3036 idque
1620 2981 1713 3036 plu-

268 3065 390 3109 rimis
420 3065 576 3116 modis,
609 3065 775 3110 scilicet
799 3080 808 3109 :
841 3066 983 3120 primo
1013 3067 1067 3111 ad
1096 3067 1228 3111 vitam
1259 3081 1498 3121 moresque
1524 3068 1715 3111 forman-

270 3151 370 3203 dos;
396 3150 591 3194 secundo
614 3150 667 3194 ad
698 3151 972 3195 excitandum
1005 3151 1080 3196 Dei
1112 3166 1304 3197 amorem
1329 3153 1370 3196 in
1395 3166 1441 3196 se
1465 3152 1570 3196 etin
1593 3151 1710 3202 aliis;
