2315 3559
556 203 658 259 294
816 220 1064 260 EPISTOLA
1104 222 1152 260 R.
1197 222 1242 260 P.
1287 223 1338 261 N.
1382 222 1625 261 LUDovlcl
1665 222 1864 261 MARTIN

555 382 677 420 cum
723 365 962 434 primum
1017 366 1198 435 aliqua
1252 366 1434 422 iubeat
1487 366 1725 422 diflicilia
1769 375 1822 422 et
1863 369 2117 423 sensuali-

555 465 651 520 tati
690 466 1082 535 repugnantia?
1120 467 1257 530 Quid
1308 467 1509 521 mirum
1549 466 1591 520 si
1631 474 1872 522 crescant
1908 466 1963 522 in
2003 467 2116 523 dies

555 567 728 633 dolor,
777 566 1041 634 molestia,
1101 566 1381 634 lassitudO,
1435 565 1821 633 excusationeS,
1875 584 2117 622 murmu-

555 664 808 733 rationeS,
850 665 1062 734 aliaque
1107 664 1238 720 vitia
1281 683 1389 720 non
1428 683 1555 720 sane
1592 666 1749 733 levia,
1792 683 1930 734 quae
1968 668 2120 722 dam-

554 772 646 819 nat
694 764 745 819 S.
802 765 997 819 Parens
1050 764 1103 818 in
1154 764 1379 833 epistola
1429 765 1495 820 de
1552 765 1932 821 oboedientia?
1981 767 2117 831 Quid

553 863 789 932 denique
850 863 1051 918 mirum
1113 864 1157 918 si
1219 863 1292 918 ita
1348 864 1532 920 animo
1594 866 1892 934 comparati
1954 865 2120 936 Supe-

554 964 760 1019 riorum
830 963 974 1018 iussa
1040 981 1200 1032 aegre
1268 965 1458 1033 ferant,
1523 972 1575 1020 et
1641 966 1860 1022 tandem
1928 985 2118 1036 parere

553 1065 851 1119 detrectent
898 1081 1022 1119 cum
1073 1064 1373 1119 inevitabili
1413 1065 1709 1121 vocationis
1755 1084 1883 1122 suae
1927 1067 2120 1123 ruina?

552 1163 715 1231 Atqui
795 1162 851 1217 hi
919 1171 1060 1231 sunt,
1131 1160 1264 1218 BR(
1311 1164 1493 1220 Patres
1569 1166 1891 1235 Fratresque
1957 1167 2120 1222 caris-

553 1261 695 1330 simi,
744 1263 964 1331 lugendi
1016 1264 1256 1332 effectus,
1311 1265 1404 1334 qui
1444 1283 1505 1320 ex
1554 1266 1758 1334 ingenii
1802 1267 2019 1324 levitate
2068 1276 2120 1324 et

553 1365 864 1432 regularum
932 1372 1242 1420 nostrarum
1305 1375 1619 1436 contemptu
1681 1367 1735 1423 in
1803 1368 2118 1426 ministeriis

553 1464 862 1520 exercendis
908 1464 1039 1519 oriri
1089 1466 1279 1520 solent.
1329 1467 1445 1521 Non
1497 1484 1683 1523 omnes
1734 1468 1976 1538 quidem,
2025 1470 2118 1538 qui

554 1564 637 1619 his
689 1564 896 1619 inimici
942 1565 1223 1620 fraudibus
1274 1566 1637 1635 decipiuntur,
1692 1585 1753 1623 eo
1804 1568 2115 1639 deveniunt,

554 1671 613 1718 ut
658 1663 952 1719 vocationis
991 1664 1255 1720 iacturam
1300 1667 1519 1722 tandem
1560 1667 1757 1723 faciant
1772 1687 1784 1736 3
1827 1669 1918 1724 sed
1964 1686 2119 1740 expe-

554 1764 748 1820 rientia
820 1773 1064 1834 testatur,
1136 1767 1273 1821 hanc
1339 1784 1455 1822 esse
1528 1768 1878 1839 praecipitem
1952 1769 2115 1839 viam,

555 1884 719 1936 quam
771 1867 881 1922 fere
930 1875 1281 1936 percurrunt,
1335 1875 1387 1923 et
1435 1868 1539 1923 nisi
1590 1869 1771 1925 medio
1821 1869 1876 1924 in
1926 1869 2119 1927 itinere

555 1966 701 2036 quod
764 1966 1112 2036 arripuerunt
1172 1967 1361 2023 sistere
1409 1977 1616 2038 curent,
1670 1969 1724 2024 in
1775 1970 1917 2025 hunc
1966 1971 2120 2026 bara-

555 2067 740 2122 thrum
791 2068 1060 2122 malorum
1111 2085 1388 2137 proruere.
1444 2068 1733 2125 Enimvero
1778 2069 1822 2125 si
1868 2088 1929 2126 ex
1978 2072 2120 2126 fruc-

554 2168 698 2223 tibus
760 2185 896 2238 quos
957 2168 1208 2237 producit
1268 2168 1518 2224 arborem
1581 2170 1898 2239 dignoscere
1960 2171 2119 2228 dehe-

556 2285 694 2336 mus,
738 2267 926 2323 levitas
980 2267 1168 2336 animi,
1211 2286 1350 2337 quae
1395 2277 1504 2324 tam
1544 2269 1794 2326 exitiosos
1839 2272 1942 2326 fert
1980 2272 2119 2326 sruc-

555 2377 659 2436 tuS,
702 2367 924 2424 exitiosa
962 2368 1123 2424 arbor
1161 2368 1315 2424 nobis
1360 2369 1612 2425 omnibus
1657 2370 1773 2426 iure
1812 2371 2117 2441 meritoque

554 2470 833 2540 probatur.

180 2568 490 2687 Alssffierifflgzin
623 2572 708 2629 21.
774 2573 1105 2628 Gravissima
1166 2575 1298 2629 haec
1357 2583 1499 2644 sunt,
1564 2576 1673 2631 ΒΗ.
1742 2577 1922 2633 Patres
1993 2578 2118 2633 Fra—

208 2680 479 2725 tnmendum:
554 2682 772 2742 tresque
826 2673 1111 2742 carissimi,
1159 2682 1321 2744 atque
1379 2675 1667 2745 eiusmodi,
1726 2695 1864 2746 quae
1914 2685 2117 2733 terrent

234 2736 446 2835 fflffiffssi
554 2773 818 2841 animum,
889 2791 1137 2843 quaeque
1197 2773 1252 2828 in
1313 2774 1576 2831 Societate
1636 2783 1838 2845 nostra,
1903 2776 2115 2832 infinita

221 2845 471 2946 '2251leng
554 2873 649 2929 Dei
694 2873 1086 2942 misericordia,
1116 2892 1415 2944 numquam
1467 2883 1724 2931 eventura
1766 2876 2109 2932 confidimus,

552 2974 618 3029 At
661 2972 869 3029 facilior
914 2974 1138 3028 fortasse
1182 2982 1364 3043 patere
1407 2982 1587 3044 posset
1637 2975 1813 3031 aditus
1857 2976 1976 3031 aliis
2015 2976 2116 3032 ini-

555 3072 682 3129 mici
755 3072 926 3128 nostri
993 3072 1225 3142 insidiis,
1297 3092 1435 3143 quae
1507 3075 1683 3144 prima
1756 3076 1930 3131 fronte
2002 3094 2109 3132 non

551 3175 686 3231 adeo
747 3174 984 3230 exitiales
1046 3183 1307 3245 apparent
1322 3195 1334 3243 ;
1394 3194 1451 3231 re
1512 3183 1693 3232 tamen
1750 3194 1876 3232 vera
1936 3194 2106 3247 aeque
