2315 3559
504 205 606 261 426
1240 219 1338 258 coN

557 365 1028 412 CONSTITUTIONES
1058 370 1107 410 et
1136 365 1403 419 REGULAE,
1437 364 1671 409 distinctae
1694 378 1718 407 a
1743 364 1842 417 lege
1874 363 2069 408 caritatis

503 453 679 497 interna
699 452 790 506 (111,
809 452 896 505 95),
921 465 1010 495 non
1040 451 1205 494 frustra
1236 450 1517 504 conscriptae
1549 456 1651 493 sunt
1667 449 1719 504 (I,
1739 449 1825 503 95),
1845 455 2068 502 tamquam

503 544 685 583 externa
705 537 772 581 lex
794 537 847 580 ad
869 550 1017 580 mores
1046 534 1224 579 homine
1245 535 1467 589 Religioso
1491 535 1649 588 dignos
1670 534 1869 588 perfecte
1892 548 2070 588 compo·

503 624 675 669 nendos
715 624 787 677 (ll,
824 623 930 671 166).
956 621 1118 665 Verum
1158 621 1211 664 ad
1249 622 1333 665 hoc
1375 621 1537 665 nullam
1576 621 1664 664 vim
1706 620 1949 675 habebunt,
1985 620 2068 664 nisi

502 717 738 756 serventur
757 710 830 763 (ΙΙ,
858 708 966 761 169).
991 707 1204 752 Malorum
1227 707 1422 751 omnium
1446 708 1489 751 in
1512 707 1564 751 iis
1586 707 1830 751 remedium
1853 706 1940 760 (IV,
1965 706 2062 760 88);

503 811 641 852 quare
664 810 819 841 omnes
843 794 1089 839 servandae
1110 793 1198 847 (IV,
1223 794 1292 837 89.
1317 793 1431 847 264).

555 884 616 928 Ne
647 883 740 927 sola
770 895 922 925 earum
952 880 1143 924 lectione
1175 886 1218 924 et
1248 879 1539 924 admiratione
1571 879 1768 924 contenti
1801 879 1952 932 simus,
1988 879 2064 923 sed

498 970 635 1013 multo
655 967 795 1022 magis
826 966 1135 1010 incumbamus
1164 966 1209 1010 in
1243 965 1600 1010 observationem
1625 966 1676 1019 (Ι,
1701 965 1769 1019 62,
1797 964 1883 1019 63),
1914 964 2069 1008 incita-

498 1061 647 1100 menta
672 1060 775 1098 sunt
804 1068 813 1097 ε

554 1143 596 1184 1Ο
612 1140 773 1184 Earum
789 1138 1061 1194 praestantia
1079 1138 1148 1182 :in
1164 1138 1230 1182 his
1242 1138 1376 1192 enim,
1392 1137 1561 1182 etiamsi
1579 1138 1693 1182 forte
1710 1151 1875 1192 parvae
1890 1137 2072 1182 videan-

497 1234 584 1281 tur,
636 1227 781 1271 elucet
829 1226 1032 1269 voluntas
1083 1224 1161 1268 Dei
1210 1225 1327 1268 bona
1367 1231 1410 1268 et
1448 1223 1748 1278 beneplacens
1789 1230 1833 1268 et
1871 1225 2071 1278 perfecta

497 1315 548 1367 (1,
572 1314 639 1367 87,
664 1313 756 1367 88);
782 1326 882 1356 cum
905 1311 1051 1356 omnia
1072 1318 1160 1355 tam
1183 1311 1409 1365 sapienter
1431 1310 1633 1355 ordinata
1655 1310 1742 1355 sint
1762 1317 1810 1354 ut
1832 1310 1990 1356 Paulus
2014 1312 2070 1356 ΙΙΙ

497 1401 542 1444 in
564 1399 768 1444 Instituto
793 1404 945 1442 nostro
981 1397 1207 1452 quidpiam
1240 1396 1437 1440 divinum
1473 1396 1820 1451 deprehenderit
1851 1397 1922 1450 (ΙΙ,
1956 1397 2071 1452 168),

500 1492 544 1531 et
573 1485 780 1530 credatur
810 1484 998 1539 Spiritus
1028 1483 1203 1528 Domini
1235 1497 1287 1528 ea
1315 1483 1356 1527 S.
1393 1483 1437 1527 P.
1472 1483 1521 1527 N.
1554 1483 1799 1538 inspirasse
1830 1484 1882 1537 (I,
1905 1483 1972 1528 95.
2008 1484 2070 1528 Cf.

500 1574 530 1618 Ι.
556 1573 623 1626 62,
648 1572 714 1623 92,
738 1572 788 1623 ΙΙ,
820 1570 928 1624 127).

554 1659 598 1703 2Ο
629 1658 739 1703 Mala
770 1671 883 1712 quae
914 1657 1207 1711 neglegentes
1239 1664 1282 1701 et
1311 1656 1430 1701 bona
1461 1670 1573 1711 quae
1603 1656 1895 1701 observantes
1918 1671 2074 1701 conse-

500 1751 695 1800 quentur
716 1744 768 1798 (I,
792 1742 952 1797 89-93).

555 1830 599 1875 30
619 1830 733 1875 Unio
763 1836 807 1874 et
835 1829 1115 1874 conservatio
1145 1830 1279 1874 totius
1308 1829 1537 1874 Societatis
1566 1830 1617 1883 (Ι,
1643 1829 1728 1883 94),
1762 1830 1887 1874 cuius
1917 1843 2071 1874 ornnes

499 1923 650 1972 partes
671 1916 731 1960 ita
750 1916 903 1960 intime
926 1916 1182 1969 cohaerent,
1201 1921 1249 1959 ut
1270 1929 1405 1969 saepe
1423 1929 1512 1959 una
1527 1915 1683 1970 regula
1699 1915 1902 1969 neglecta
1920 1916 2075 1960 multa-

501 2018 600 2047 rum
622 2002 982 2047 observationem
1006 2001 1219 2056 impediat
1239 2001 1290 2055 (l,
1315 2001 1410 2052 200,
1434 2001 1548 2055 201).

558 2089 602 2131 40
622 2087 831 2142 Exempla
860 2093 925 2131 tot
962 2087 1046 2130 iam
1080 2101 1313 2131 servorum
1348 2087 1423 2131 Dei
1448 2088 1498 2140 (I,
1532 2087 1599 2131 95.
1635 2087 1703 2141 IV,
1736 2087 1822 2141 92),
1857 2101 1881 2130 a
1913 2086 2073 2140 quibus

503 2175 738 2219 observata
772 2173 1146 2218 Constitutionum
1182 2174 1399 2228 perfectio
1436 2175 1650 2218 hactenus
1693 2174 1957 2228 spectabiles
1994 2188 2075 2218 nos

502 2261 668 2305 mundo
698 2260 895 2304 reddidit
925 2260 976 2314 (Ι,
1007 2260 1103 2304 361.
1135 2260 1196 2304 Cf.
1229 2261 1301 2313 ΙΙΙ,
1328 2260 1542 2314 132-136),
1568 2267 1611 2304 et
1633 2275 1761 2315 quos,
1788 2260 1823 2304 si
1846 2261 2076 2304 deerrare·

503 2361 618 2400 mus,
638 2346 907 2390 haberemus
930 2352 1069 2390 testes
1092 2352 1249 2390 contra
1271 2359 1353 2390 nos
1376 2346 1426 2399 (Ι,
1452 2346 1520 2390 95.
1545 2345 1607 2390 Cf.
1633 2346 1706 2400 III,
1730 2345 1825 2399 230,
1849 2345 1962 2399 231).

560 2432 796 2477 Servandis
813 2431 979 2486 regulis
996 2432 1228 2486 invigilent
1244 2432 1506 2487 Superiores
1523 2434 1573 2486 (Ι,
1593 2433 1661 2486 87,
1680 2433 1836 2486 95,-98)
1858 2447 1866 2476 :
1887 2446 2075 2486 quorum

506 2533 638 2563 curae
668 2519 859 2573 fideique
890 2518 1171 2572 potissimum
1204 2519 1497 2563 demandatur
1535 2519 1785 2574 depositum
1816 2520 1899 2563 hoc
1931 2526 2076 2563 custo-

506 2605 715 2650 diendum
738 2606 789 2660 (l,
815 2605 927 2659 168).

560 2691 782 2744 Quaedam
805 2691 986 2744 regulae
1006 2691 1264 2735 nominatim
1288 2692 1659 2736 commendantur
1675 2692 1728 2746 (l,
1747 2692 1820 2737 201
1834 2728 1843 2745 ,
1862 2692 1957 2744 207,
1978 2691 2073 2746 362,

505 2777 600 2822 383.
626 2778 678 2829 ΙΙ,
704 2777 897 2822 185-187.
924 2777 996 2831 ΙΙΙ,
1021 2777 1088 2821 68.
1114 2777 1183 2831 IV,
1208 2778 1301 2831 188,
1325 2777 1438 2831 253).

561 2863 717 2908 Cetera
738 2862 829 2908 vid.
850 2863 1108 2908 Exsecutio.

563 2979 1048 3025 CONSULTATIONES
1063 2980 1313 3025 ordinariae
1329 2994 1417 3024 non
1432 2981 1841 3035 praetermittantur
1854 2981 1945 3034 (ΙΙΙ,
1961 2981 2073 3034 343).

563 3095 950 3141 CONSULTORES
961 3102 1126 3140 rectam
1142 3096 1333 3141 habeant
1345 3097 1691 3151 intellegentiam
1707 3097 1895 3142 Instituti
1906 3099 1956 3151 (I,
1968 3098 2074 3151 199);

508 3189 783 3238 cognoscant
821 3182 1123 3227 ordinationes
1165 3183 1302 3227 Roma
1336 3183 1493 3228 missas
1534 3184 1584 3237 (Ι,
1624 3184 1745 3238 ’199);
1770 3184 1877 3228 ferri
1901 3198 1948 3228 se
1986 3198 2074 3228 non
