2315 3559
935 231 1032 269 PAU
1659 215 1761 270 465

207 380 249 423 S.
284 380 442 424 Leonis
473 379 617 432 Magni
647 378 698 431 (I,
722 377 788 430 42,
814 377 881 430 44,
905 377 971 427 88,
993 376 1088 429 294,
1113 375 1207 427 406,
1232 376 1326 418 427.
1362 375 1433 428 ΙΙΙ,
1466 375 1533 428 55,
1565 376 1632 427 81,
1665 375 1757 429 113,

265 466 358 518 117,
384 465 493 518 124).

209 551 412 604 Origenis
434 550 485 603 (l,
500 550 593 593 371.
613 549 663 599 ΙΙ,
683 548 749 600 46,
774 549 859 601 47).

209 637 249 681 S.
275 636 440 680 Paulini
462 636 511 688 (I,
526 634 620 687 261,
639 633 734 677 262.
755 634 805 685 ΙΙ,
824 632 862 683 3,
877 632 945 687 53,
970 632 1076 685 152).

209 720 250 764 S.
277 719 391 764 Petri
413 718 670 773 Chrysologi
691 717 742 771 (1,
766 717 860 770 420,
881 718 991 770 441).

210 805 464 849 Tertulliani
484 804 535 857 (Ι,
558 804 670 857 438).

211 891 252 935 S.
286 891 476 934 Thomae
508 889 736 943 Aquinatis
758 888 809 942 (I,
834 889 929 943 268,
948 888 1042 941 440,
1062 888 1154 938 443,
1171 888 1265 936 444,
1285 887 1379 930 446.
1399 886 1451 938 ΙΙ,
1470 886 1536 930 40.
1559 885 1629 937 ΙΙΙ,
1650 884 1761 937 173).

211 975 409 1030 Angelici
459 975 659 1019 Doctoris
708 975 952 1018 doctrinam
1002 975 1209 1018 Lectores
1259 973 1398 1016 nostri
1445 977 1625 1016 teneant
1672 971 1762 1021 (ΙΙΙ,

264 1061 359 1113 279,
382 1061 495 1114 280).

268 1197 606 1250 PAUPERTAS,
643 1210 753 1250 quae
789 1196 1009 1240 hominem
1045 1194 1271 1239 Societatis
1307 1193 1570 1238 exteriorem
1605 1193 1766 1236 format

212 1283 262 1335 (Ι,
287 1283 398 1334 447),
424 1282 468 1325 in
491 1296 542 1326 eo
573 1282 717 1336 posita
737 1288 803 1326 est
824 1288 871 1325 ut
891 1281 1095 1335 privatim
1130 1280 1234 1324 nihil
1262 1279 1421 1323 habeat
1451 1278 1699 1333 proprium,
1723 1283 1766 1321 et

209 1374 257 1412 ut
276 1368 320 1411 in
342 1383 426 1411 usu
455 1381 605 1411 rerum
637 1381 949 1411 concessarum
980 1372 1213 1410 contentus
1236 1365 1290 1408 sit
1319 1364 1579 1408 condicione
1602 1377 1767 1418 paupe-

213 1467 310 1496 rum
331 1453 402 1505 (ΙΙ,
422 1451 507 1505 37).
532 1452 675 1506 Magni
708 1458 775 1496 est
804 1451 1019 1503 facienda,
1052 1457 1205 1504 utpote
1235 1464 1405 1502 murus,
1435 1449 1703 1504 praesidium
1726 1454 1769 1492 et

214 1538 597 1592 propugnaculum
628 1544 827 1581 nostrum
859 1537 910 1590 (I,
934 1536 1002 1590 66,
1025 1536 1119 1579 368.
1147 1536 1195 1589 ΙΙ,
1219 1535 1285 1579 61.
1311 1535 1383 1588 ΙΙΙ,
1407 1534 1477 1588 50)
1504 1549 1512 1578 :
1537 1534 1604 1578 cui
1627 1533 1766 1587 magis

213 1623 458 1666 cavendum
498 1637 628 1676 quam
664 1636 688 1665 a
722 1621 920 1676 periculo
960 1621 1094 1665 tutius
1127 1620 1237 1664 falso
1279 1620 1552 1664 existimatur
1590 1618 1660 1673 (ΙΙ,
1697 1619 1765 1669 51,

214 1707 280 1751 61.
300 1707 362 1751 Cf.
383 1708 414 1761 Ι,
432 1707 527 1761 66);
548 1714 701 1752 contra
722 1707 1035 1751 nonnullorum
1053 1707 1285 1760 opiniones
1307 1711 1613 1760 paupertatem
1630 1704 1767 1748 relax-

215 1798 353 1843 antes,
402 1807 492 1837 non
539 1793 813 1847 privatorum
870 1792 1026 1843 solum,
1079 1791 1156 1835 sed
1204 1790 1336 1834 totius
1386 1789 1562 1835 Ordinis
1609 1789 1767 1832 damno

214 1878 282 1931 (ΙΙ,
303 1877 461 1927 57-61).
487 1877 580 1930 Quo
604 1884 748 1921 autem
771 1877 934 1921 certius
957 1876 1268 1928 custodiretur,
1293 1874 1504 1928 singulari
1535 1873 1770 1928 prudentia

213 1962 407 2016 providit
437 1962 477 2006 S.
503 1963 548 2006 P.
573 1962 621 2006 N.
640 1976 728 2016 per
759 1961 948 2016 speciale
982 1968 1131 2005 votum
1161 1960 1467 2004 Professorum
1499 1959 1569 2012 (ΙΙ,
1603 1958 1670 2002 62.
1696 1957 1768 2012 ΙΙΙ,

213 2048 280 2102 92,
304 2048 415 2102 294),
436 2048 661 2102 voluitque
682 2054 730 2092 ut
751 2062 904 2092 omnes
921 2048 971 2091 ad
990 2047 1033 2090 id
1054 2047 1187 2090 unitis
1210 2046 1377 2089 viribus
1399 2058 1768 2089 concurreremus

213 2132 356 2177 studio
378 2133 602 2187 perfectae
624 2132 896 2187 paupertatis
917 2133 1008 2184 (ΙΙΙ,
1031 2132 1098 2183 51,
1122 2131 1235 2183 293).

271 2218 387 2262 Haec
409 2218 623 2273 perfectio
641 2232 728 2262 non
747 2218 790 2261 in
809 2218 901 2262 sola
919 2217 1179 2271 spoliatione
1200 2216 1419 2260 honorum
1437 2215 1671 2268 fragilium,
1692 2214 1767 2258 sed

213 2303 257 2347 in
290 2303 464 2347 illorum
497 2309 753 2357 contemptu
785 2310 827 2346 et
855 2301 1128 2356 paupertatis
1160 2315 1309 2344 amore
1343 2300 1544 2344 consistit
1573 2300 1623 2352 (Ι,
1654 2300 1765 2352 448).

215 2388 326 2432 Hinc
361 2388 581 2442 diligenda
616 2395 683 2432 est
702 2395 749 2431 ut
770 2388 906 2432 Mater
932 2387 981 2440 (I,
1002 2386 1099 2440 368)
1121 2400 1233 2440 quae
1263 2385 1395 2429 habet
1427 2399 1613 2428 munera
1649 2392 1770 2439 quat-

214 2479 316 2517 tuor
340 2488 348 2516 :
372 2475 414 2516 1Ο
434 2479 481 2517 ut
510 2473 729 2516 bonorum
762 2472 1027 2516 renuntiatio
1064 2472 1137 2515 fiat
1167 2476 1338 2515 mature
1370 2470 1442 2524 (ΙΙ,
1466 2470 1552 2524 93),
1577 2470 1767 2523 integre,

216 2572 305 2602 non
326 2559 370 2602 in
392 2566 620 2613 cognatos,
641 2572 723 2602 nec
744 2558 787 2601 in
811 2558 1035 2601 definitum
1065 2557 1291 2601 Societatis
1319 2556 1601 2608 domicilium,
1625 2569 1770 2609 neque

215 2644 344 2688 ullius
388 2645 453 2688 rei
496 2650 669 2688 retenta
713 2643 1089 2687 administratione
1131 2643 1183 2696 (Ι,
1229 2642 1452 2695 448-451);
1494 2641 1538 2684 20
1576 2648 1624 2685 ut
1663 2655 1769 2684 usus

217 2744 367 2774 rerum
391 2743 704 2773 concessarum
726 2728 936 2771 limitetur
956 2727 1008 2770 ad
1032 2726 1283 2771 necessaria
1304 2728 1354 2779 (Ι,
1378 2726 1471 2776 451,
1493 2726 1585 2769 452.
1607 2726 1658 2777 ΙΙ,
1681 2725 1766 2779 38),

217 2815 345 2859 etiam
368 2814 413 2857 in
434 2813 626 2857 minimis
648 2814 718 2865 (ll,
735 2812 905 2866 55‚56);
930 2812 973 2855 30
993 2818 1039 2856 ut
1061 2811 1268 2865 quotiens
1286 2810 1375 2855 Deo
1392 2811 1621 2865 placuerit,
1640 2810 1768 2854 etiam

219 2899 482 2943 necessariis
515 2898 705 2942 libenter
739 2911 966 2941 careamus
999 2897 1049 2950 (I,
1078 2897 1171 2940 453.
1209 2897 1259 2947 ΙΙ,
1279 2896 1344 2946 57,
1366 2896 1451 2948 78),
1475 2897 1518 2939 40
1553 2895 1682 2940 soluti
1716 2895 1769 2938 ab

217 2985 335 3028 omni
358 2984 538 3027 affectus
560 2982 914 3036 intemperantia,
939 2982 990 3025 ad
1013 2981 1153 3026 instar
1175 2988 1342 3025 statuae
1364 2981 1412 3035 (Ι,
1432 2981 1525 3024 456.
1552 2981 1602 3032 ΙΙ,
1626 2980 1711 3034 63).

271 3070 335 3114 Ad
357 3070 467 3113 hanc
490 3069 808 3123 perfectionem
833 3075 878 3111 ut
897 3068 1036 3122 parati
1069 3082 1283 3120 essemus,
1307 3067 1478 3110 iamiam
1508 3067 1767 3110 Societatem

215 3156 498 3209 ingressuros
515 3153 794 3208 praemonuit
811 3153 997 3196 Examen
1016 3153 1085 3205 (ll,
1106 3153 1174 3206 62)
1192 3168 1200 3202 ;
1221 3159 1268 3196 ut
1286 3152 1480 3206 diligenti
1501 3152 1643 3195 studio
1664 3152 1770 3195 nite-

324 3268 452 3310 ἸὈΜΕ
484 3266 549 3310 lv.
1607 3265 1660 3308 3o
