2315 3559
219 1091 511 1140 temperatam

271 1141 463 1192 solaciis,

239 1196 494 1242 domesticis

577 226 678 282 448
751 243 999 283 EPISTOLA
1037 244 1087 283 R.
1131 244 1177 282 P.
1219 245 1271 282 N.
1313 243 1433 282 ANT.
1483 243 1608 281 MAR.
1657 242 1965 281 ANDERLEDY

578 387 807 444 mirifice
856 389 1237 454 delectabatur,
1302 405 1531 456 eamque
1580 387 1787 441 leniunt
1834 387 2014 441 dulces
2064 386 2141 440 illi

578 489 781 544 fructus
843 490 985 545 vitae
1052 490 1312 557 internae,
1377 487 1771 542 coniunctionis
1827 505 1950 541 cum
2011 487 2137 555 DeO,

577 589 723 657 pacis
762 589 949 658 animi,
999 589 1314 655 modestiae,
1369 587 1645 641 doctrinae
1696 594 1857 655 atque
1912 586 2143 641 efficien-

576 687 683 743 tiae
739 696 791 743 et
846 688 1116 743 facilitatis
1179 686 1497 742 traducendi
1553 686 1801 741 homines
1862 686 1929 739 ad
1975 685 2141 739 vitam

576 789 1021 856 emendatiorem,
1063 805 1199 858 quos
1244 805 1488 843 seorsum
1532 804 1561 841 a
1605 786 1763 841 turba
1800 794 1852 840 et
1894 786 2144 854 frequen-

576 887 650 942 tia
700 888 1047 957 percipimUS.
1112 887 1212 952 Qui
1265 888 1468 941 fructus
1530 886 1743 940 abunde
1805 884 2001 939 solacia
2044 885 2143 938 hu-

576 1005 737 1043 mana
779 994 1148 1056 compensant.

678 1088 728 1143 9.
776 1086 878 1142 Sed
923 1104 1099 1155 neque
1143 1086 1227 1140 his
1271 1102 1535 1140 caremus
1585 1083 1732 1138 Filiis
1778 1083 1923 1138 enim
1967 1081 2143 1137 Socie-

576 1187 699 1242 tatis
767 1187 975 1241 utimur
1040 1185 1313 1241 benevolis
1381 1203 1440 1239 ac
1507 1183 1836 1251 domesticiS,
1907 1198 2141 1251 quorum

574 1287 964 1342 consuetudine
1013 1287 1158 1341 haud
1209 1286 1318 1340 scio
1379 1302 1446 1340 an
1496 1284 1600 1339 alia
1655 1283 1742 1351 sit,
1802 1300 1910 1336 non
1966 1282 2141 1336 solum

573 1388 640 1442 ad
691 1386 968 1455 pietatem,
1022 1387 1113 1441 sed
1160 1385 1323 1440 etiam
1362 1385 1428 1439 ad
1481 1384 1685 1437 cultum
1737 1390 1789 1436 et
1838 1380 2140 1436 doctrinam

573 1487 760 1542 utilior
797 1494 959 1555 atque
1003 1486 1069 1540 ad
1115 1485 1283 1540 vitam
1328 1484 1593 1552 agendam
1644 1481 1948 1536 iucundior.

678 1588 934 1643 Fraterna
1005 1604 1129 1641 cum
1197 1586 1263 1640 iis
1335 1583 1732 1640 necessitudine
1805 1579 2141 1636 sanctissime

574 1687 871 1755 iungimur.
909 1687 1131 1741 Fratres
1162 1686 1273 1740 mei
1303 1691 1431 1739 sum
1459 1703 1477 1737 .·
1503 1683 1576 1737 ita
1602 1680 1883 1750 respondit
1907 1678 1957 1734 S.
1990 1679 2142 1733 loan-

572 1806 666 1844 nes
727 1786 1102 1854 interroganti,
1166 1802 1335 1854 quare
1401 1792 1512 1838 tam
1574 1789 1818 1837 amanter
1885 1780 2141 1833 salutaret

574 1888 737 1943 etiam
782 1905 872 1943 eos
917 1888 1126 1942 sodales
1170 1892 1401 1952 nostrOS,
1450 1900 1585 1951 quos
1630 1899 1696 1936 ne
1740 1881 1806 1935 de
1851 1879 1984 1933 facie
2022 1877 2141 1946 qui-

575 1989 698 2043 dem
744 1987 999 2042 novisset.
1046 1987 1269 2040 Fratres
1316 1984 1427 2038 mei
1473 1989 1618 2037 scelat.
1666 1981 1827 2035 Grata
1870 1995 1996 2033 sane
2040 1994 2140 2031 vox

574 2096 738 2157 atque
786 2106 816 2142 a
866 2088 973 2143 fide
1032 2086 1290 2155 prosecta,
1353 2100 1493 2152 quae
1559 2082 1829 2135 sincerum
1895 2093 2138 2133 amorem

575 2189 913 2243 demonstrat
971 2186 1338 2255 pietatemque
1388 2182 1443 2236 in
1492 2180 1831 2236 Societatem.
1887 2178 2034 2231 Hanc
2084 2176 2138 2229 in

575 2289 763 2343 matris
808 2289 926 2342 loco
969 2304 1093 2341 cum
1138 2285 1380 2352 haberet,
1429 2282 1591 2337 etiam
1631 2281 1771 2335 filios
1815 2277 2140 2334 tenerrimae

574 2387 811 2457 parentis
860 2387 1069 2442 colebat
1117 2384 1368 2452 religiose
1417 2390 1470 2437 et
1512 2381 1728 2437 amabat
1771 2396 1899 2448 prae
1948 2376 2138 2432 ceteris

574 2488 906 2543 hominibus.
974 2486 1147 2551 Quare
1213 2483 1349 2538 nihil
1406 2482 1453 2538 ei
1508 2483 1573 2537 ad
1629 2482 1785 2536 beate
1846 2478 2136 2534 vivendum

574 2588 746 2643 defuit
783 2587 952 2654 domi,
994 2586 1087 2640 ubi
1121 2592 1174 2640 et
1210 2583 1461 2638 famulari
1498 2582 1606 2637 Deo
1633 2581 1681 2637 ei
1714 2580 1909 2636 licebat
1946 2586 1998 2633 et
2033 2586 2140 2632 tra-

574 2690 770 2744 ducere
808 2688 974 2742 vitam
1013 2704 1137 2742 cum
1177 2684 1472 2751 Fratribus,
1502 2683 1557 2737 in
1584 2682 1782 2751 quibus
1821 2680 2017 2734 Filium
2043 2678 2137 2734 Dei

572 2788 844 2843 Christum
894 2786 1184 2841 Dominum
1233 2801 1524 2852 agnoscere
1569 2781 1834 2836 studebat.

640 2889 815 2956 Atque
888 2886 991 2954 ipsi
1053 2884 1285 2939 vicissim
1347 2885 1556 2938 sodales
1629 2882 1684 2936 in
1745 2879 1950 2935 deliciis
2012 2895 2135 2933 eum

574 2988 863 3042 habebant.
918 2985 1049 3040 Cum
1095 2984 1241 3040 enim
1300 2984 1486 3038 vident
1546 2983 1756 3036 Fratres
1818 2978 1989 3034 nostri
2050 2995 2137 3032 eo-

574 3106 696 3144 rum
742 3087 796 3142 in
841 3085 1032 3155 primis
1075 3101 1172 3139 nos
1216 3083 1470 3139 delectari
1520 3080 1925 3147 consuetudine,
1972 3095 2137 3146 agno-

574 3197 729 3246 scunt
781 3187 1080 3254 caritatem,
1132 3203 1251 3241 eam
1295 3185 1534 3240 sentiunt
1574 3190 1736 3252 atque
1780 3181 1854 3235 ita
1897 3179 2136 3235 afficiun-
