2315 3559
163 687 325 737 carnis,
342 701 495 730 seusu-

177 757 265 791 um,
294 741 476 786 amoris-

165 812 252 851 que
266 796 435 851 proprii
451 803 494 839 et

220 851 445 901 mundani,

198 929 336 959 Exere.
358 928 457 968 spir.

163 970 430 1041 Cont.g}legu.
463 969 491 1000 Ι.

164 1189 207 1232 in
231 1189 382 1251 militia
410 1190 491 1233 sub

258 1259 404 1288 crucls

235 1300 390 1344 vexillo
410 1313 420 1351 ;

217 1795 361 1849 primo
395 1802 438 1839 et

177 1865 356 1904 semper
376 1857 477 1893 ante

161 1905 315 1949 oculos
326 1906 491 1949 haben-

219 1961 273 2004 ‹lo
297 1961 433 2005 Deum

537 227 605 283 30
776 244 1026 283 EPISTOLA
1063 245 1279 283 ANToNn
1321 246 1518 283 MARIAE
1555 245 1863 284 ANDERLEDY

539 390 690 456 tiam,
723 408 909 444 verum
949 390 1110 444 etiam
1139 392 1203 445 ad
1233 390 1439 444 maiora
1466 398 1517 444 et
1544 391 1902 458 praeclariora
1940 410 2105 460 quae-

540 491 665 543 dam
711 507 936 543 munera
980 490 1086 543 Deo
1126 490 1400 543 offerenda
1439 507 1534 542 nos
1574 490 1822 543 hortatur
1866 499 1917 544 et
1961 509 2100 559 quae

540 596 663 641 sunt
723 587 909 642 odiosa
969 597 1191 641 naturae
1251 588 1519 640 humanae
1581 587 1664 641 his
1725 589 2101 657 complectitur

541 685 716 740 verbis
759 704 769 739 :
813 701 838 734 ε(
892 693 1191 753 expugnata
1240 685 1433 751 carniS,
1487 703 1740 739 sensuum
1791 687 2102 756 amorisque

542 805 566 837 ))
608 785 813 853 proprii
859 793 910 839 et
953 784 1213 838 mundani
1259 784 1567 838 rebellione.
1612 804 1638 837 ))
1684 784 1843 839 Cuius
1888 805 2101 854 pugnae

538 884 803 938 rationem
832 884 886 937 in
914 883 1109 937 celebri
1150 883 1384 936 Instituti
1420 884 1652 938 formula
1679 883 1733 937 in
1768 885 1898 939 haec
1937 887 2100 942 verba

537 984 743 1038 confert
781 982 1122 1051 paucissima.
1167 997 1192 1030 ((
1225 982 1578 1050 Quicumque,
1609 983 1701 1050 ait,
1744 983 1799 1037 in
1837 983 2100 1040 Societate

540 1103 565 1136 ))
607 1091 850 1137 nostra...
884 1084 996 1135 vult
1033 1083 1130 1136 sub
1174 1082 1346 1136 crucis
1392 1083 1581 1137 vexillo
1625 1084 1732 1137 Deo
1777 1084 2010 1138 militare
2048 1094 2101 1140 et

541 1183 704 1236 »soli
748 1182 977 1236 Domino
1027 1189 1189 1249 atque
1244 1182 1487 1235 Romano
1544 1182 1809 1249 Pontifici,
1863 1183 1989 1237 Eius
2043 1184 2099 1238 in

540 1302 565 1335 ))
606 1282 763 1336 terris
783 1281 994 1336 Vicario
1017 1281 1282 1336 servire...
1314 1290 1463 1336 curet
1489 1282 1667 1350 primo
1688 1283 1875 1350 Deum,
1902 1284 2098 1339 deinde

540 1402 565 1435 ))
606 1381 766 1435 huius
805 1381 886 1435 sui
925 1381 1161 1435 Instituti
1200 1381 1485 1435 rationem.
1528 1400 1666 1449 quae
1706 1382 1790 1436 via
1829 1385 2097 1451 quaedam

539 1500 565 1533 »
605 1489 685 1535 est
710 1483 775 1536 ad
805 1481 976 1547 illum,
1008 1499 1221 1549 semper
1247 1489 1369 1535 ante
1395 1483 1576 1536 oculos
1604 1482 1820 1536 habere.
1855 1502 1880 1535 ))

606 1581 917 1649 Martyrium
963 1580 1085 1634 ideo
1129 1581 1412 1649 proprium
1457 1589 1670 1636 nostrae
1721 1581 1999 1636 Societatis
2044 1583 2100 1637 in

538 1680 731 1734 militia
752 1681 989 1749 positum
1017 1688 1095 1735 est
1122 1681 1220 1734 sub
1246 1681 1418 1734 crucis
1448 1681 1656 1749 vexi110‚
1688 1682 1743 1735 in
1771 1700 1877 1750 qua
1905 1682 2101 1738 militia

536 1782 772 1847 gerenda
799 1780 1032 1834 intentos
1072 1780 1249 1848 primo
1277 1789 1329 1835 et
1355 1799 1567 1849 semper
1594 1783 1775 1836 oculos
1814 1782 1869 1836 in
1906 1783 2095 1851 Deum,

537 1881 727 1934 ducem
757 1889 1021 1946 nostrum,
1053 1881 1252 1934 habere
1286 1899 1382 1934 nos
1422 1888 1634 1949 oportet
1673 1889 1723 1935 et
1761 1881 2003 1935 animum
2043 1882 2099 1937 in

535 1979 928 2034 sanctissimam
957 1979 1049 2034 Dei
1086 1981 1434 2047 voluntatem,
1465 1998 1603 2048 quae
1632 1980 1881 2035 Instituto
1914 1989 2098 2036 nostro

536 2080 803 2133 declarata
824 2088 919 2133 est.
940 2079 1053 2143 Quo
1076 2079 1119 2133 si
1142 2097 1402 2148 umquam
1424 2087 1580 2134 antea
1602 2097 1735 2148 opus
1758 2080 1875 2147 fuit,
1894 2089 2098 2148 quanto

535 2178 708 2245 magis
747 2197 905 2246 nunc,
946 2197 1069 2233 cum
1109 2179 1299 2234 mundi
1338 2187 1626 2234 sectatores
1664 2179 1864 2248 passim
1904 2181 2098 2234 docent

534 2277 811 2347 impieque
859 2280 1200 2346 profitentur,
1254 2279 1534 2333 hominem
1595 2287 1783 2333 natum
1845 2297 1959 2333 esse
2014 2279 2097 2333 sui

534 2377 702 2445 ipsius
730 2377 1039 2445 Dominum,
1069 2378 1156 2433 cui
1182 2378 1340 2433 liceat
1366 2378 1626 2447 quicquid
1660 2378 1810 2445 libet,
1842 2379 2096 2446 nullaque

535 2478 651 2543 lege
702 2477 1042 2544 frenandum,
1090 2477 1194 2532 nisi
1248 2477 1334 2532 cui
1389 2495 1444 2532 se
1498 2477 1613 2546 ipse
1668 2477 1987 2532 subdiderit.
2036 2479 2096 2533 Id

535 2583 739 2644 pugnat
759 2593 881 2629 cum
910 2576 1124 2631 divinae
1145 2577 1278 2644 legis
1300 2576 1599 2645 praeceptis
1625 2594 1635 2630 :
1661 2576 1715 2631 id
1743 2584 1947 2645 pugnat
1972 2595 2095 2631 cum

534 2674 731 2729 Christi
768 2674 982 2729 Domini
1019 2676 1276 2743 consiliiS,
1318 2676 1371 2731 id
1411 2684 1615 2744 pugnat
1653 2693 1775 2730 cum
1813 2675 2093 2730 Societatis

534 2781 749 2828 nostrae
775 2774 1001 2840 legibus,

602 2872 653 2927 5.
694 2873 772 2926 Ab
811 2873 910 2927 hoc
948 2872 1114 2940 igitur
1154 2891 1357 2929 veneno
1396 2873 1630 2929 Societas
1657 2891 1765 2928 non
1792 2872 2095 2928 servabitur

535 2990 663 3026 sana
689 2981 742 3026 et
768 2971 1071 3039 incolumiS‚
1102 2972 1205 3027 nisi
1240 2973 1519 3028 incruento
1547 2973 1671 3028 huic
1699 2972 1956 3040 martyrio
1997 2989 2094 3026 nos

536 3071 638 3140 ipsi
690 3071 907 3126 obviam
951 3071 1191 3126 ierimus,
1245 3073 1418 3141 Atque
1469 3071 1738 3141 imprimis
1788 3071 1832 3126 si
1882 3089 2095 3139 semper

536 3171 704 3226 Deum
725 3179 848 3226 ante
868 3172 1049 3226 oculos
1071 3171 1269 3226 habere
1290 3172 1558 3239 iubemur,
1577 3173 1765 3227 eadem
1786 3172 1902 3237 lege
1923 3170 2096 3238 adigi-
