2315 3559
1730 257 1755 266 —r

394 273 461 310 DE
499 272 734 309 LITTERIS
773 270 1070 308 ENCYCLICIS
1110 271 1373 307 HUMANL'M
1414 270 1581 308 GENL's
1728 276 1758 310 i)

207 417 359 484 cipiis
381 417 638 469 laborem.
664 414 794 468 Sunt
823 432 881 467 ea
912 414 1138 481 petenda
1160 431 1219 467 ex
1240 413 1323 479 iis,
1343 430 1479 480 quae
1502 413 1758 467 divinitus

206 516 359 569 nobis
397 516 611 568 suerunt
644 515 904 581 patefacta
932 520 1069 566 etex
1101 530 1161 565 ea
1198 511 1558 579 philosophia,
1595 530 1755 578 quam

206 631 417 668 summo
473 613 522 667 S.
583 613 845 667 Ecclesiae
901 620 952 666 et
1007 611 1282 665 Societatis
1344 619 1557 664 nostrae
1617 611 1757 664 bono

204 711 454 766 Summus
493 711 732 764 Pontifex
766 712 872 764 LEo
910 710 1025 763 XIII
1065 726 1312 762 normam
1345 725 1458 761 esse
1492 708 1676 774 voluit,
1707 717 1758 761 et

203 827 365 877 quam
411 809 668 875 singulari
707 809 873 862 animi
911 807 1107 861 solacio
1152 807 1474 859 invalescere
1524 805 1578 858 in
1622 805 1753 871 dies,

203 926 400 976 eosque
439 910 638 962 fructus
671 910 807 962 serre
844 907 1202 974 conspicimus
1239 904 1578 971 laetissimos,
1621 922 1755 971 quos

201 1007 250 1061 S.
282 1007 404 1061 Sedi
431 1006 820 1074 obtemperatio
847 1005 1101 1072 consequi
1129 1005 1278 1057 solet.

270 1106 471 1159 Idcirco
499 1105 794 1159 industriae
831 1121 1022 1157 nervos
1049 1103 1371 1157 contendere
1409 1117 1593 1154 omnes
1622 1117 1754 1167 opus

199 1212 294 1271 est,
335 1212 393 1257 ut
419 1222 479 1257 ea
517 1203 797 1270 principia,
839 1219 976 1269 quae
1013 1201 1076 1255 ad
1117 1200 1544 1268 persuadendam
1582 1198 1756 1251 homi-

198 1301 354 1355 nibus
375 1302 694 1355 catholicam
723 1300 1005 1354 veritatem
1033 1307 1085 1352 et
1105 1299 1171 1352 ad
1194 1298 1508 1351 evertendos
1531 1297 1755 1349 Natura-

198 1399 442 1452 listarum
463 1416 671 1453 errores
694 1406 815 1451 sunt
836 1397 1081 1464 apprime
1097 1396 1518 1461 accommodata,
1538 1402 1753 1462 pateant

197 1506 247 1551 et
275 1498 329 1551 in
356 1505 610 1565 promptu
637 1497 742 1549 sint
768 1496 1037 1561 omnibus,
1068 1511 1175 1561 quo
1203 1493 1441 1547 securius
1469 1493 1752 1560 acriusque

197 1614 422 1662 errores,
465 1596 660 1663 quibus
699 1612 753 1648 56
791 1602 1008 1647 tuentur
1052 1593 1330 1646 societates
1368 1591 1746 1657 clandestinae,

196 1694 580 1762 impugnentur
606 1701 766 1760 atque
792 1694 1134 1759 repellantur.

263 1793 374 1855 Qua
412 1793 466 1846 in
504 1810 560 1846 re
599 1810 760 1860 opera
798 1790 1139 1859 potissimum
1171 1789 1236 1842 ab
1274 1789 1338 1842 iis
1377 1789 1623 1856 ponenda
1650 1796 1745 1855 est,

193 1892 286 1959 qui
308 1892 641 1946 iuventutem
669 1892 877 1956 docent,
909 1889 1001 1957 qui
1039 1888 1204 1941 libros
1243 1888 1511 1953 evulgant,
1547 1887 1749 1954 quique

193 1993 257 2045 de
284 1992 442 2045 rebus
469 1990 665 2045 divinis
693 1991 757 2044 ad
786 1990 1045 2057 populum
1073 1987 1273 2042 dicunt.

259 2092 442 2158 Neque
474 2091 584 2143 sola
615 2089 752 2142 ratio
791 2088 1037 2141 habenda
1075 2095 1153 2140 est
1190 2085 1473 2139 hominum
1512 2086 1749 2140 erudito-

190 2208 329 2257 rum,
360 2191 451 2244 sed
479 2189 640 2244 etiam
668 2187 964 2256 expertium
992 2186 1284 2252 doctrinae,
1308 2186 1747 2254 laudandumque

190 2289 458 2357 imprimis
491 2289 794 2355 consilium,
826 2286 1112 2355 spargendi
1140 2285 1408 2353 Epistolae
1436 2285 1746 2340 Pontificiae

190 2390 429 2456 exempla
455 2406 618 2456 quam
657 2387 889 2456 plurima
926 2386 1137 2452 libelliS,
1168 2385 1341 2452 iisque
1386 2384 1745 2452 subiungendi

190 2488 530 2555 monitioneS,
556 2506 583 2542 e
610 2488 805 2555 quibus
827 2486 1138 2552 intellegant
1160 2502 1315 2538 verae
1336 2484 1611 2550 religionis
1638 2487 1746 2538 cul-

187 2594 348 2653 tores,
379 2587 509 2654 quid
537 2604 712 2653 agere,
743 2585 873 2653 quid
911 2602 1116 2651 cavere,
1147 2583 1276 2651 quid
1305 2584 1579 2638 decretum
1614 2583 1743 2651 ipsis

188 2702 246 2738 ac
285 2684 472 2738 stabile
509 2701 623 2737 esse
661 2690 921 2751 oporteat.
965 2682 1028 2735 Et
1063 2699 1185 2735 cum
1219 2689 1402 2734 tenera
1433 2688 1575 2734 aetas
1615 2699 1741 2749 prae

186 2782 375 2836 ceteris
414 2782 481 2835 sit
518 2781 701 2846 indiga
739 2781 1030 2846 doctrinae,
1078 2797 1199 2833 cum
1247 2778 1525 2832 veritatem
1571 2780 1740 2833 errori

187 2897 399 2933 necesse
436 2879 503 2932 sit
540 2879 902 2946 pietatemque
935 2877 1186 2945 pravitati
1225 2876 1510 2944 praeverti,
1541 2885 1592 2930 et
1617 2895 1738 2930 cum

186 2978 291 3031 sint
317 2985 492 3046 partes
520 2985 732 3030 nostrae
761 2976 1077 3044 praecipuae
1108 2993 1289 3029 rerum
1317 2975 1623 3029 divinarum
1646 2976 1739 3027 do-

184 3076 411 3130 ctrinam
450 3077 639 3130 docere
667 3091 877 3142 puerOS,
907 3075 1008 3128 Vos
1036 3091 1240 3140 01111165,
1272 3073 1379 3127 RR.
1412 3073 1508 3126 PP.
1541 3090 1599 3125 ac
1639 3072 1734 3124 FF.

185 3173 474 3240 Carissimi,
505 3174 692 3227 hortor
719 3191 776 3226 ac
804 3189 1015 3239 11101160,
1045 3181 1103 3225 ut
1141 3172 1406 3226 reducatis
1445 3171 1499 3224 in
1539 3186 1740 3224 memo-

1787 2697 1928 2750 Quare
1965 2700 2117 2753 impri-

1784 2753 1866 2797 mis
1924 2753 2110 2815 docendi

1786 2814 2020 2862 suntpuerl
2037 2822 2048 2860 ;
