2315 3559
736 240 779 279 S.
823 240 868 279 P.
911 240 963 278 N.
1005 238 1203 278 IGNATII
1644 224 1744 280 347

193 491 281 545 III.
312 506 378 545 AD
405 507 485 545 pp.
515 506 595 545 FF.
627 505 716 553 QUI
743 505 877 544 SUNT
904 505 958 544 IN
986 504 1279 557 LuslTANIA,
1309 488 1375 544 26
1403 490 1583 544 martii
1611 491 1746 546 1553

623 640 698 694 De
734 640 1092 694 oboedientiae
1119 640 1318 694 virtute

678 770 848 839 (Tom.
875 771 914 837 I,
945 788 1034 838 pp.
1057 768 1262 836 32-47.)

218 955 256 998 1.
289 953 456 999 Gaudet
477 953 530 998 de
552 953 694 997 studio
713 965 800 1007 quo
822 951 998 997 Fratres
1020 952 1247 997 enituntur
1268 951 1320 996 ad
1342 951 1564 997 virtutem.

216 1040 256 1084 2.
290 1039 420 1094 Optat
438 1045 487 1083 ut
507 1038 813 1083 oboedientiae
833 1038 1049 1093 imprimis
1067 1051 1114 1082 se
1128 1037 1305 1082 dedant.

216 1125 255 1169 3.
289 1124 576 1170 Oboedientia
594 1125 680 1168 sint
701 1138 854 1169 omnes
869 1124 1111 1178 conspicui,
1127 1129 1171 1168 et
1185 1124 1265 1168 hae
1283 1129 1387 1167 nota
1403 1123 1742 1177 distinguantur.

217 1211 256 1254 4.
291 1209 415 1263 Hinc,
439 1210 557 1254 iuxta
586 1209 859 1264 Apostolum,
880 1223 1049 1254 summa
1080 1223 1178 1253 cum
1200 1209 1416 1263 religione
1438 1223 1592 1254 omnes
1615 1209 1746 1254 oboe-

300 1296 420 1340 diant
441 1296 738 1341 exsecutione.

217 1382 302 1426 5-8.
335 1381 582 1426 Oboediant
601 1387 644 1426 et
665 1381 904 1436 voluntate,
924 1381 997 1435 qui
1019 1381 1129 1425 alter
1150 1387 1216 1426 est
1237 1381 1399 1435 gradus
1423 1381 1742 1434 oboedientiae,

300 1467 615 1522 amplectentes
636 1467 904 1512 voluntatem
936 1467 1179 1522 superioris
1211 1467 1340 1511 etiam
1361 1468 1405 1512 in
1428 1468 1743 1522 spiritualibus,

300 1565 422 1596 suam
444 1558 588 1596 autem
613 1551 879 1596 voluntatem
911 1552 1089 1596 omnino
1122 1552 1411 1606 deponentes,
1436 1566 1518 1597 nec
1548 1553 1746 1597 volunta-

299 1643 387 1682 tem
409 1637 658 1692 Superioris
674 1638 727 1681 ad
749 1651 871 1682 suam
890 1637 1223 1692 detorquentes.

219 1723 258 1767 9.
291 1723 556 1767 Submittant
576 1723 706 1767 etiam
728 1723 951 1777 iudicium,
982 1723 1056 1777 qui
1092 1738 1288 1768 summus
1320 1730 1387 1768 est
1416 1724 1580 1778 gradus
1616 1723 1747 1770 oboe-

299 1809 503 1853 dientiae.

190 1894 328 1940 10-12.
363 1893 482 1947 Quae
496 1893 775 1938 oboedientia
795 1894 942 1939 iudicii
955 1895 1174 1949 religiosis
1195 1895 1380 1940 maxime
1394 1901 1461 1941 est
1477 1896 1744 1950 necessaria,

299 1994 355 2025 ne
392 1979 693 2034 intellegentia
733 1980 921 2034 fallatur,
961 1981 1078 2035 quod
1128 1987 1300 2026 constat
1342 1981 1542 2037 exemplo
1596 1997 1745 2027 rerum

296 2066 603 2120 humanarum,
625 2071 674 2110 ut
705 2072 966 2120 perseveret
998 2067 1277 2112 oboedientia
1297 2068 1534 2113 voluntatis
1555 2075 1599 2114 et
1626 2083 1747 2114 exse-

298 2151 502 2205 cutionis,
529 2156 578 2195 ut
597 2151 837 2206 attingatur
857 2151 1164 2197 oboedientiae
1185 2153 1416 2207 perfectio,
1440 2159 1484 2198 et
1503 2154 1748 2200 retineatur

297 2250 381 2291 pax
397 2237 543 2281 animi.

190 2322 256 2367 13.
287 2322 353 2368 Ad
367 2323 480 2367 hanc
503 2322 826 2367 oboedientiam
847 2323 1048 2368 hortatur
1063 2324 1315 2378 Apostolus.

189 2409 254 2453 14.
289 2408 406 2453 Haec
428 2408 581 2453 eadem
602 2409 801 2463 perfecta
822 2415 889 2454 est
909 2415 953 2454 et
972 2415 1097 2464 grata
1113 2409 1315 2454 Domino.

188 2494 254 2539 15.
287 2493 352 2539 Ad
387 2493 711 2539 oboedientiam
744 2494 891 2539 iudicii
922 2495 1182 2549 pervenitur
1202 2495 1443 2541 humilitate
1473 2501 1517 2541 et
1544 2510 1748 2542 mansue-

299 2579 467 2624 tudine.

189 2665 328 2709 16-18.
360 2665 595 2709 Praeterea
629 2665 713 2709 tria
745 2665 971 2710 iuvabunt.
1004 2666 1211 2720 Primum,
1248 2667 1411 2711 intueri
1452 2667 1667 2712 Christum
1702 2668 1747 2712 in

298 2750 625 2805 superioribus;
658 2751 858 2804 alterum,
892 2751 1132 2797 defendere
1162 2766 1214 2797 ex
1246 2752 1390 2797 animo
1428 2767 1542 2808 quae
1570 2753 1749 2798 mandat

298 2837 526 2891 superior3
545 2837 738 2891 tertium,
757 2851 906 2882 secum
924 2844 1117 2883 statuere
1132 2845 1372 2894 praecepta
1388 2839 1631 2894 superioris
1648 2853 1747 2884 esse

295 2927 535 2976 praecepta
550 2921 642 2966 Dei.
660 2922 783 2975 Quod
801 2937 941 2977 genus
956 2923 1261 2969 oboedientiae
1276 2924 1544 2979 quandoque
1560 2924 1746 2968 miracu·

297 3008 350 3052 lis
372 3008 705 3062 comprobatur.

190 3093 256 3138 19.
289 3093 400 3138 Hine
429 3099 575 3138 tamen
611 3107 699 3138 non
734 3099 934 3139 vetamur
968 3095 1142 3150 aperire
1178 3095 1446 3150 quandoque
1481 3094 1743 3140 sententiam

299 3186 496 3226 nostram
519 3180 760 3237 Superiori.
