2315 3559
265 214 331 253 DE
357 212 612 252 VANITATE
638 212 817 252 RERUM
846 211 1179 251 HUMANARUM
1207 211 1594 251 CONTEMNENDA
1630 196 1730 253 249

178 368 293 414 tum
343 367 438 426 est,
492 367 550 413 ut
598 357 824 412 Ratione
872 357 1176 412 studiorum
1232 365 1414 412 nostra
1463 357 1727 426 quicquid

178 460 232 514 in
288 458 486 513 recenti
541 456 876 512 institutione
932 464 1011 510 est
1064 456 1200 524 vitii,
1259 457 1575 511 emendetur
1630 475 1726 525 pro

177 559 398 614 viribus,
454 560 530 613 Ita
579 558 894 613 obnituntur
943 557 1111 612 nostri
1169 557 1367 611 artium
1424 557 1727 612 liberalium

177 659 420 727 magistri
481 658 641 713 huius
698 656 956 725 temporis
1017 656 1238 723 levitati,
1292 665 1344 711 et
1409 656 1611 711 faciunt
1671 664 1730 710 ut

175 758 346 814 solida
389 758 606 812 iuvenes
647 756 889 812 doctrina
928 755 1257 810 imbuantur.
1290 755 1580 809 Laudabile
1607 771 1730 823 pro-

176 858 311 911 fecto
373 855 630 922 studium,
690 855 775 908 cui
830 853 1025 908 auxilia
1086 854 1266 908 favent
1320 852 1483 908 etiam
1545 852 1728 908 divina

174 972 344 1023 usque
394 972 475 1021 eo,
523 962 582 1008 ut
630 953 685 1007 in
744 953 829 1007 his
879 953 1008 1021 ipsis
1059 952 1298 1020 collegiis
1342 952 1435 1020 qui
1491 952 1729 1021 pericula

174 1055 404 1108 subeunt
448 1053 741 1121 doctrinae,
773 1060 888 1107 tum
928 1052 1132 1106 maiore
1181 1068 1428 1119 numerO,
1470 1058 1586 1105 tum
1626 1052 1729 1106 cla-

173 1153 316 1208 riore
358 1153 516 1207 laude
565 1153 631 1207 ad
670 1160 979 1221 peroptatos
1030 1152 1200 1207 exitus
1245 1153 1630 1220 provehantur.

240 1251 324 1307 ΞΟ.
356 1253 669 1307 Instandum
708 1270 834 1306 sane
879 1261 958 1307 est
995 1252 1142 1306 omni
1186 1260 1399 1319 conatu,
1440 1259 1500 1305 ut
1525 1251 1725 1306 serium

171 1360 373 1422 ponant
433 1352 683 1421 discipuli
749 1352 919 1407 nostri
981 1361 1033 1406 et
1097 1359 1344 1407 constans
1412 1352 1467 1406 in
1533 1352 1725 1407 litteris

171 1451 489 1520 proficiendi
534 1451 792 1506 studium.
833 1453 1006 1520 Atque
1046 1469 1106 1506 ea
1156 1451 1222 1506 de
1259 1469 1437 1519 causa,
1491 1459 1544 1505 et
1585 1469 1726 1505 nunc

171 1551 394 1620 quidem
457 1551 706 1618 maxime,
771 1551 1000 1605 arcenda
1062 1559 1185 1605 sunt
1244 1568 1383 1619 quae
1451 1550 1724 1605 levitatem

169 1650 336 1705 animi
387 1651 535 1704 alunt
583 1658 635 1705 et
684 1650 940 1714 alliciunt)
997 1652 1078 1705 vel
1128 1657 1365 1704 mentem
1422 1657 1647 1704 avocant
1696 1668 1725 1704 a

170 1749 361 1804 studiis
398 1749 720 1804 litterarum.
753 1750 809 1803 ld
837 1767 1005 1817 genus
1034 1757 1157 1804 sunt
1190 1766 1584 1818 quaecumque,
1633 1750 1724 1804 sed

170 1848 488 1916 praesertim
527 1865 768 1915 scaenae,
811 1849 1128 1916 spectacula,
1171 1865 1309 1915 quae
1358 1848 1423 1902 ad
1474 1864 1725 1901 normam

169 1948 385 2014 regulae
429 1946 670 2001 Rectoris
709 1947 898 2001 tertiae
946 1947 1185 2001 decimae
1236 1946 1478 2001 Rationis
1523 1946 1727 2001 studio-

170 2064 291 2101 rum
335 2054 633 2115 temperata
677 2064 791 2101 esse
836 2054 1127 2115 oporteret.

237 2146 343 2200 Alit
392 2146 555 2201 etiam
605 2147 751 2201 illam
801 2147 1074 2201 levitatem
1118 2146 1318 2200 nimius
1370 2146 1424 2200 in
1465 2146 1725 2201 aedificiis

169 2245 423 2314 splendor
472 2253 525 2300 et
573 2246 724 2300 fucus
786 2245 1009 2314 quidam
1078 2263 1259 2300 rerum
1327 2246 1721 2314 apparentium.

170 2344 303 2400 Sunt
351 2345 575 2399 fortasse
631 2345 725 2413 qui
786 2353 974 2414 putent
1033 2345 1262 2412 gloriam
1324 2346 1628 2400 redundare
1671 2345 1725 2399 in

171 2443 489 2499 Societatem
534 2461 594 2498 ex
630 2444 910 2499 structuris
945 2461 1172 2512 magnae
1206 2444 1364 2499 molis
1408 2445 1728 2499 multorum-

171 2561 276 2611 que
303 2550 637 2611 sumptuum,
668 2543 864 2611 quibus
886 2560 1050 2612 opum
1078 2551 1384 2598 nostrarum
1414 2543 1726 2612 opinionem

171 2644 577 2711 multorumque
627 2642 889 2698 invidiam
939 2661 1136 2711 magno
1187 2661 1309 2699 aere
1358 2643 1532 2698 alieno
1576 2644 1728 2699 rede-

173 2742 388 2797 merint.

240 2842 427 2895 Nonne
470 2842 525 2895 hi
571 2842 805 2896 facerent
852 2844 1021 2897 multo
1059 2842 1372 2911 sapientiuS,
1427 2842 1471 2896 si
1523 2842 1729 2897 obtem-

172 2950 422 3010 perarent
447 2942 660 2996 decreto
700 2942 906 3010 primae
932 2943 1392 3010 Congregationis‚
1417 2943 1567 2997 cuius
1596 2944 1726 2997 haec

173 3041 288 3110 ipsa
337 3050 461 3096 sunt
498 3042 660 3096 verba
703 3042 961 3096 :Modum
1003 3060 1109 3097 esse
1149 3044 1534 3111 imponendam
1580 3043 1727 3096 aedi-

176 3140 315 3209 ficiis
350 3142 632 3196 domorum
671 3147 721 3196 et
755 3141 1117 3210 colleyiorum,
1147 3145 1285 3213 quod
1324 3143 1383 3197 in
1425 3143 1577 3198 nobis
1613 3149 1727 3209 est‚·

1833 1269 1856 1297 a
1875 1254 2035 1309 quihus

1838 1310 2030 1354 arcenda

1843 1365 2011 1410 levitas.
