2315 3559
219 223 286 261 DE
326 218 597 260 PERICULIS
635 219 925 259 TEMPORUM
965 218 1279 257 NOSTRORUM
1320 219 1570 257 CAVENDIS
1606 198 1707 257 275

151 383 331 421 rerum
382 365 668 431 studiOSOS‚
710 381 769 418 ac
804 381 930 431 prae
968 363 1157 431 primis
1208 362 1488 429 religiosos
1540 362 1701 415 viros.

153 480 178 514 ε(
231 466 356 532 Illis,
405 464 497 533 qui
548 463 699 518 facile
748 470 967 531 peccant
1022 462 1249 517 letaliter
1297 461 1395 528 <ait
1449 460 1498 514 S.
1555 461 1708 514 Pater

153 565 406 632 Ignatius,
449 582 559 630 reg.
601 562 651 616 1.
693 563 758 616 ad
800 569 976 616 motus
1025 561 1236 615 animae
1282 559 1704 626 discernendos),

151 672 203 718 et
252 671 526 731 peccatum
578 669 792 729 peccato
845 661 1068 727 addunt,
1123 661 1230 713 sere
1282 660 1414 713 solet
1458 658 1707 711 inimicus

151 770 331 816 noster
379 761 653 815 illecebras
703 758 876 813 carnis
926 766 977 812 et
1026 775 1278 813 sensuum
1331 756 1708 812 delectationes

153 860 381 927 obicere,
423 870 483 913 ut
519 876 608 913 eos
648 865 824 912 teneat
874 857 1102 926 peccatis
1152 857 1354 924 plenos,
1396 874 1454 910 ac
1499 872 1711 923 semper

152 961 428 1014 cumulum
478 959 758 1025 adaugeat.
810 977 835 1009 ))
882 957 920 1010 Ε
965 965 1150 1011 contra
1196 973 1320 1010 vero
1367 970 1391 1004 «
1439 955 1492 1009 id
1544 954 1710 1008 moris

154 1067 232 1114 est
294 1058 507 1127 spiritui
568 1058 802 1124 maligno
862 1056 958 1124 (ita
1020 1073 1129 1123 reg.
1184 1055 1234 1109 4.
1288 1056 1353 1109 ad
1414 1054 1710 1122 pleniorem

155 1158 443 1226 spirituum
477 1155 898 1224 discretionem),
930 1164 988 1209 ut
1015 1155 1068 1209 in
1096 1154 1228 1209 lucis
1256 1154 1506 1220 angelum
1542 1161 1713 1206 trans-

155 1257 390 1324 figurans
434 1273 565 1322 sese,
614 1255 840 1322 cognitis
879 1255 980 1322 piis
1035 1254 1245 1308 animae
1295 1252 1430 1306 votis
1475 1251 1712 1320 primum

155 1356 497 1423 obsecundet,
552 1373 673 1409 mox
723 1355 846 1408 inde
891 1354 956 1407 ad
1003 1370 1253 1421 perversa
1302 1369 1396 1406 sua
1447 1350 1711 1406 desideria

155 1457 300 1510 illam
338 1455 552 1510 alliciat.
584 1454 810 1509 Simulat
836 1453 979 1508 enim
1007 1454 1073 1507 ab
1101 1452 1254 1506 initio
1281 1452 1448 1506 bonas
1483 1459 1713 1505 sanctas-

155 1573 260 1624 que
286 1555 523 1610 hominis
550 1553 900 1621 cogitationes
936 1553 1087 1621 sequi
1115 1561 1165 1607 et
1193 1553 1371 1606 fovere
1396 1570 1408 1618 ;
1440 1560 1494 1605 at
1520 1551 1713 1606 deinde

156 1655 210 1709 in
254 1656 486 1709 occultas
542 1653 874 1708 fallaciarum
919 1669 1139 1706 suarum
1185 1651 1398 1719 pedicas
1454 1649 1712 1719 paulatim

157 1764 388 1810 tractum
439 1756 711 1823 illaqueat.
768 1774 794 1808 ))
847 1755 986 1808 Haec
1047 1770 1205 1807 causa
1254 1752 1372 1819 fuit,
1426 1769 1521 1805 cur
1570 1751 1714 1806 idem

157 1855 206 1910 S.
262 1856 434 1923 Pater,
489 1862 882 1910 commentatus
941 1853 995 1907 in
1053 1852 1404 1907 meditatione
1451 1852 1528 1906 De
1575 1851 1716 1906 Duo-

158 1957 254 2010 bus
288 1956 529 2022 Veoeillis,
561 1973 667 2023 qua
694 1954 900 2008 ratione
927 1952 1145 2008 Satanas
1174 1951 1238 2005 iis
1264 1951 1465 2006 bellum
1494 1950 1712 2017 indicat,

158 2054 252 2122 qui
301 2053 496 2109 Christi
546 2062 718 2108 castra
768 2060 1107 2121 sequuntur;
1163 2058 1362 2118 monet,
1417 2050 1568 2104 illum
1619 2067 1715 2104 suo

162 2153 349 2208 vexillo
415 2152 639 2208 minime
689 2169 815 2206 sane
865 2169 947 2206 res
1009 2152 1174 2205 malas
1225 2150 1580 2218 scelestasque
1639 2149 1718 2203 in-

159 2252 382 2320 scriptas
427 2252 642 2319 habere,
697 2250 1003 2306 cuiusmodi
1069 2257 1245 2304 essent
1287 2248 1528 2303 libidinis
1575 2248 1718 2303 oble-

158 2359 442 2419 ctamenta,
467 2351 724 2406 effrenata
750 2350 827 2405 rei
848 2350 1051 2404 alienae
1073 2349 1395 2418 appetentia,
1420 2348 1716 2416 perduellio

159 2450 213 2504 in
258 2450 350 2505 Dei
395 2450 729 2504 maiestatem
774 2449 996 2518 eiusque
1034 2448 1164 2516 legis
1204 2455 1576 2516 contemptus;
1625 2447 1716 2502 sed

161 2568 243 2605 res
288 2556 474 2618 suapte
518 2557 709 2603 natura
753 2548 1138 2615 indifferenteS,
1186 2564 1417 2616 quarum
1478 2564 1605 2601 usus
1657 2563 1718 2601 ex

160 2667 214 2704 se
263 2648 485 2718 quidem
536 2650 706 2703 malus
751 2647 936 2703 haberi
981 2648 1186 2716 nequit,
1232 2655 1286 2701 at
1337 2646 1478 2700 viam
1528 2644 1716 2700 sternit

160 2749 226 2803 ad
293 2750 525 2817 culpam,
589 2755 641 2802 et
700 2755 851 2815 parat
911 2747 1053 2801 illius
1110 2745 1375 2801 excidium
1437 2744 1530 2812 qui
1593 2743 1719 2797 sinit

162 2847 475 2902 huiusmodi
535 2847 813 2901 fraudibus
869 2864 983 2902 sese
1044 2845 1238 2901 misere
1298 2844 1517 2899 irretiri.
1582 2843 1717 2907 Quin

161 2949 329 3003 immo
351 2947 670 3002 vaferrimus
691 2946 778 3001 ille
800 2964 1072 3015 persaepe,
1097 2945 1179 2999 his
1201 2945 1337 3001 dolis
1371 2962 1478 2999 non
1505 2951 1720 2998 conten-

162 3055 265 3114 tus,
312 3064 419 3101 non
464 3046 624 3100 modo
670 3045 820 3113 ponit
863 3045 932 3099 ob
975 3046 1155 3099 oculos
1200 3062 1283 3099 res
1329 3042 1715 3108 indifferenteS,

163 3163 300 3214 quae
338 3163 399 3201 ex
436 3163 490 3200 se
528 3145 594 3200 ab
633 3144 780 3199 omni
818 3145 972 3212 culpa
1011 3151 1197 3199 vacent
1218 3162 1231 3210 3
1273 3143 1364 3197 sed
1404 3159 1465 3196 eo
1505 3139 1720 3197 devenit

1880 1036 1956 1080 sed

1780 1091 2063 1152 transfigurat

1841 1159 1940 1190 sese
1961 1159 2007 1188 in

1813 1200 2017 1253 angelum

1854 1255 1980 1305 lucis,

1802 1316 1851 1354 ut
1866 1309 2034 1353 facilius

1805 1378 1880 1409 eos
1902 1364 2033 1408 fallat.
