2315 3559
930 229 1006 267 sci
1646 215 1739 271 481

196 373 288 425 Qua
309 374 350 417 in
373 388 421 418 re
441 374 700 428 Superiores
721 388 907 428 peccare
929 380 1116 428 possunt
1147 374 1238 417 sive
1268 388 1350 427 per
1376 375 1594 419 desectum
1620 391 1628 419 z
1652 376 1745 420 aliis

196 459 558 513 occupationibus
590 473 665 503 eos
697 458 979 503 distrahendo
1001 460 1070 512 (ΙΙ,
1094 459 1162 512 25,
1185 460 1252 502 44.
1277 459 1337 502 Cf.
1363 461 1394 512 l,
1419 460 1511 503 192.
1537 460 1607 514 ΙΙΙ,
1632 462 1743 514 149),

196 545 264 588 vel
286 545 338 588 ad
361 546 508 599 operis
535 545 834 589 excellentiam
867 559 953 589 non
985 546 1205 590 incitando
1237 546 1307 599 (ΙΙ,
1329 546 1397 600 25,
1420 546 1511 599 26);
1545 547 1636 591 sive
1665 561 1747 601 per

195 643 422 673 excessum
449 645 457 673 :
481 630 765 674 mediocrium
788 630 962 674 labores
985 631 1267 685 despiciendo
1291 637 1334 675 et
1348 645 1608 686 magnorum
1626 633 1746 686 inge-

195 713 366 758 niorum
390 720 532 758 errata
556 715 868 758 dissimulando
891 715 961 768 (ΙΙ,
984 716 1050 766 26,
1070 716 1154 767 27).

250 799 462 843 Rhetores
483 814 564 853 per
597 799 838 853 biennium,
872 808 919 844 ut
949 801 1199 855 plurimum,
1233 801 1320 845 sint
1353 801 1406 844 ab
1437 802 1530 846 aliis
1567 802 1744 846 omnino

194 884 415 938 segregati
436 884 525 936 (ΙΙΙ,
546 884 626 928 274
660 899 668 927 :
702 885 791 928 rid.
824 886 1062 939 Iuniores),
1094 892 1137 929 et
1167 900 1190 929 a
1220 887 1586 940 praeceptoribus
1616 887 1747 941 aptis-

194 972 313 1016 simis
344 978 433 1016 tum
474 973 517 1015 in
549 973 691 1027 patrio
725 987 944 1023 sermone,
979 979 1069 1018 tum
1101 974 1144 1017 in
1175 974 1323 1028 lingua
1354 974 1484 1018 latina
1516 981 1559 1019 et
1588 989 1747 1028 graeca

192 1058 426 1111 diligenter
446 1059 732 1103 instituantur
761 1059 850 1112 (ΙΙΙ,
883 1060 995 1112 275).
1030 1059 1191 1103 Eorum
1222 1060 1445 1104 litterariis
1475 1061 1747 1104 exercitatio·

191 1144 321 1188 nibus
342 1145 833 1203 Superioresintersint
853 1147 921 1199 (ll,
942 1146 1026 1197 28),
1052 1161 1218 1200 eosque
1247 1147 1320 1200 qui
1343 1147 1484 1191 studia
1507 1147 1748 1201 neglegunt

191 1244 213 1273 a
236 1230 389 1274 studiis
410 1237 614 1286 prompte
636 1239 869 1276 amoveant
888 1233 956 1285 (ΙΙ,
977 1232 1061 1286 29).

246 1319 550 1374 Philosophiae
581 1327 624 1365 et
654 1321 898 1375 theologiae
921 1335 1101 1376 operam
1124 1322 1265 1366 daturi
1287 1323 1547 1377 tempestive
1564 1323 1617 1366 ad
1638 1323 1743 1367 haec

190 1405 332 1448 studia
352 1405 669 1450 admoveantur
692 1420 770 1450 nec
792 1407 893 1450 inde
922 1414 1209 1451 amoveantur
1238 1408 1321 1452 nisi
1351 1409 1552 1452 confecto
1583 1409 1746 1453 studio-

189 1504 286 1533 rum
309 1504 463 1543 cursu;
496 1492 708 1545 aptissimi
731 1506 836 1535 vero
858 1506 940 1546 per
959 1492 1185 1536 biennium
1209 1506 1259 1536 ea
1280 1493 1478 1537 recolant
1506 1493 1596 1545 (ΙΙΙ,
1629 1494 1742 1547 278),

243 1576 495 1620 Studiorum
530 1582 730 1630 tempore
771 1577 1018 1621 scholastici
1057 1578 1194 1621 zelum
1227 1584 1461 1622 exerceant
1495 1578 1544 1631 (l,
1579 1579 1644 1631 15,
1679 1580 1743 1624 16.

190 1661 240 1705 ΙΙ.
271 1661 366 1715 239,
405 1662 517 1713 240),
547 1662 816 1707 aemulantes
848 1664 1030 1708 virtutes
1065 1664 1105 1708 S.
1141 1664 1314 1708 Ioannis
1347 1665 1612 1709 Berchmans
1651 1666 1741 1719 (ΙΙΙ,

190 1748 402 1801 144-146),
441 1762 521 1791 nec
557 1748 608 1792 ad
645 1748 785 1793 aliena
821 1749 873 1792 ab
910 1749 1098 1793 Instituti
1128 1750 1298 1794 ratione
1330 1751 1471 1794 studia
1506 1757 1743 1805 evagantes

185 1834 256 1887 (ΙΙ,
280 1834 392 1885 240).

243 1971 505 2021 SCIENTIA,
527 1986 614 2025 quo
638 1973 815 2017 nomine
838 1973 1019 2017 veniunt
1039 1973 1210 2017 litterae
1232 1987 1280 2017 ac
1304 1974 1505 2018 doctrina
1525 1974 1596 2028 (ΙΙ,
1614 1975 1710 2027 407)
1731 1991 1740 2019 :

186 2057 474 2101 vehementer
495 2057 771 2102 desideratur
801 2064 844 2102 et
873 2059 1051 2102 omniuo
1084 2073 1267 2103 necesse
1298 2066 1378 2110 est,
1411 2074 1462 2103 ne
1493 2060 1578 2103 ulla
1609 2074 1661 2104 ex
1690 2061 1741 2104 iis

187 2155 299 2195 quae
320 2142 365 2185 in
385 2143 549 2186 mundo
571 2143 615 2186 in
636 2144 779 2197 pretio
801 2144 1033 2196 habentur,
1067 2159 1090 2187 a
1122 2145 1248 2189 nobis
1278 2146 1439 2189 intacta
1466 2146 1742 2201 relinquatur

186 2228 257 2281 (ΙΙ,
280 2228 402 2282 408);
426 2229 615 2283 ideoque
638 2231 793 2274 eximie
815 2231 880 2274 his
903 2231 1041 2274 nostri
1064 2232 1311 2285 expoliendi
1341 2232 1391 2285 (Ι,
1415 2232 1454 2275 3.
1480 2233 1529 2283 ΙΙ,
1551 2234 1662 2286 144),
1694 2240 1742 2278 ut

185 2312 228 2356 in
250 2313 316 2357 his
340 2328 516 2368 quoque
539 2315 625 2358 sint
646 2316 872 2369 conspicui
895 2317 943 2368 (l,
969 2317 1057 2360 106.
1078 2317 1148 2369 ΙΙΙ,
1177 2317 1283 2369 197).
1303 2318 1385 2361 Sed
1403 2318 1739 2372 circumpositae

185 2398 358 2443 virtutis
381 2399 542 2443 cultum
567 2413 726 2443 ornare
756 2401 936 2444 scientia
967 2401 1098 2445 debet
1126 2402 1177 2455 (Ι,
1209 2402 1322 2455 443),
1356 2409 1400 2446 ut
1430 2403 1472 2445 in
1503 2403 1739 2447 Maioribus

188 2485 364 2537 nostris,
401 2485 445 2528 in
483 2485 642 2539 quibus
677 2487 875 2530 maiorne
911 2488 1117 2531 sanctitas
1152 2502 1206 2530 an
1242 2488 1441 2532 doctrina
1480 2489 1612 2532 fuerit
1651 2503 1737 2533 non

185 2570 401 2614 immerito
441 2571 665 2615 dubitetur
701 2572 771 2625 (ΙΙ,
804 2572 915 2625 413).
949 2573 1135 2616 Scientia
1172 2574 1287 2616 enim
1329 2574 1449 2618 inflat
1492 2575 1541 2627 (Ι,
1577 2574 1663 2628 59),
1696 2582 1739 2618 et

183 2655 341 2699 melior
361 2662 428 2700 est
448 2656 586 2700 tidelis
608 2657 857 2710 ignorantia
878 2672 1007 2711 quam
1023 2659 1256 2702 temeraria
1278 2659 1459 2702 scientia
1475 2660 1544 2712 (ΙΙ,
1563 2660 1631 2712 58,
1650 2661 1735 2713 59),

184 2754 233 2784 ac
255 2748 375 2785 certe
398 2748 549 2786 nostro
571 2742 644 2785 fini
666 2742 809 2785 minus
832 2743 958 2786 utiles
986 2750 1135 2787 essent
1156 2743 1310 2787 litteris
1333 2744 1512 2797 egregie
1534 2745 1734 2789 instructi

183 2826 382 2870 homines
404 2827 563 2870 virtute
586 2833 788 2871 carentes
809 2828 859 2879 (Ι,
885 2828 976 2872 105.
998 2829 1047 2878 ΙΙ,
1067 2829 1224 2881 26-28).
1245 2829 1388 2881 Quare
1404 2829 1573 2873 litterae
1591 2837 1634 2874 et
1654 2830 1735 2874 alia

185 2911 403 2955 exteriora
424 2912 585 2955 talenta
606 2926 655 2955 ac
678 2913 788 2955 dona
821 2913 964 2956 minus
996 2914 1234 2967 spectanda
1264 2920 1365 2958 sunt
1394 2928 1522 2968 quam
1556 2915 1734 2969 spiritus

184 2997 234 3049 (Ι,
267 2996 352 3050 56).
391 2998 436 3040 ln
468 2997 563 3051 ipsa
603 2998 844 3041 litterarum
882 2999 1253 3053 scientiarumque
1292 3001 1551 3044 tractatione
1590 3001 1735 3045 absint

184 3082 508 3134 contentiones,
533 3082 729 3135 aliaeque
760 3082 1006 3126 huiusmodi
1038 3084 1241 3127 miseriae
1272 3084 1340 3137 (ΙΙ,
1360 3084 1472 3137 382).
1506 3085 1731 3137 Quomodo

185 3166 367 3211 scientia
389 3173 540 3210 nostra
562 3181 685 3210 sacra
707 3181 805 3211 esse
827 3168 984 3211 debeat
1004 3169 1054 3220 (Ι,
1078 3169 1175 3221 458)
1201 3184 1209 3212 ;
1234 3169 1323 3212 rid.
1348 3170 1521 3214 Studia.

291 3269 419 3312 ΤΟΜΕ
451 3268 517 3312 IV.
1568 3271 1612 3315 31
