2315 3559
774 242 874 280 ,ων
903 257 960 264 -
989 242 1091 281 ANG
1615 230 1715 284 417

161 400 297 442 supra
317 387 360 431 id
383 387 501 441 quod
523 400 776 442 possumus,
799 387 868 439 (ΙΙ,
893 387 1005 438 444),
1032 388 1106 442 qui
1131 387 1363 432 nobiscum
1387 393 1454 432 est
1475 388 1518 431 in
1542 388 1719 433 tribula-

158 472 281 516 tione
309 472 399 524 (111,
423 471 521 525 235)
553 478 596 516 et
615 472 746 516 faciet
774 486 872 516 cum
904 473 1145 517 tentatione
1176 478 1444 527 proventum
1475 473 1565 527 (ΙΙΙ,
1599 473 1709 526 101),

156 571 208 602 ex
240 559 403 602 nostris
433 558 614 602 incuriis
646 558 826 601 eliciens
867 559 1114 603 cautionem
1147 566 1190 603 et
1220 572 1271 603 ex
1301 559 1465 604 nostris
1499 559 1716 604 calamita-

156 641 272 686 tibus
294 642 514 687 bonorum
537 642 665 687 nobis
686 642 852 687 faciens
874 644 1173 688 accessionem
1194 644 1244 697 (Ι,
1268 644 1354 697 55).

209 768 442 813 ΑΜΒῙΤΙΟ
460 773 554 813 erat
569 769 724 823 primis
748 769 948 813 Patribus
967 770 1130 814 nostris
1152 770 1282 825 plane
1303 770 1497 815 inaudita
1513 769 1582 822 (ΙΙ,
1606 770 1714 823 124),

155 851 340 906 eiusque
361 852 559 906 pericula
580 852 717 897 voluit
737 852 777 897 S.
805 853 848 896 P.
873 853 922 897 N.
947 867 970 896 a
992 853 1206 898 Societate
1229 868 1383 898 arcere
1405 853 1494 906 (ΙΙΙ,
1519 852 1604 905 93).

209 937 270 982 Ne
301 952 406 983 vero
438 938 537 982 huic
567 944 696 993 porta
734 939 972 993 aperiatur.
1008 940 1195 983 maxima
1227 954 1333 984 cura
1362 939 1715 994 pervigilandum

153 1029 220 1067 est
250 1023 299 1075 (l,
333 1023 403 1074 55)
434 1023 480 1066 in
513 1023 792 1068 admittendis
823 1024 1064 1068 candidatis
1095 1025 1144 1077 (Ι,
1177 1024 1244 1077 56,
1278 1025 1363 1078 57),
1396 1025 1441 1068 in
1472 1024 1715 1068 formandis

150 1108 400 1152 iunioribus
414 1109 464 1161 (Ι,
483 1108 550 1153 61.
572 1109 621 1161 ΙΙ,
642 1108 726 1161 26),
747 1109 789 1152 in
815 1110 1142 1154 renuntiatione
1164 1109 1385 1154 bonorum
1408 1109 1457 1161 (Ι,
1479 1110 1572 1161 450,
1598 1110 1710 1162 451),

148 1192 192 1236 in
218 1193 499 1247 promotione
522 1194 575 1237 ad
598 1194 781 1247 gradum
815 1194 884 1247 (ΙΙ,
911 1194 1107 1246 ’140-145)
1130 1194 1198 1238 vel
1232 1194 1455 1248 quaelibet
1485 1194 1715 1238 Societatis

153 1278 304 1322 munia
325 1278 396 1333 (II,
426 1279 517 1331 146,
546 1279 656 1333 147),
681 1281 812 1324 etiam
835 1279 877 1323 in
910 1279 1214 1334 proponendis
1247 1279 1487 1324 candidatis
1519 1280 1572 1323 ad
1602 1280 1716 1333 regi-

148 1378 252 1409 men
273 1364 344 1418 (ΙΙ,
367 1365 461 1417 223,
485 1365 598 1417 224).

205 1453 276 1507 Et,
298 1454 417 1498 omni
435 1455 584 1508 specie
607 1454 795 1498 ambitus
813 1460 971 1507 amota,
992 1454 1083 1499 sola
1101 1455 1239 1499 virtus
1256 1455 1512 1499 aestimetur
1528 1456 1598 1507 (ΙΙ,
1622 1456 1711 1507 154,

152 1539 262 1592 155),
288 1539 649 1594 distinguendum
680 1540 797 1584 inter
827 1539 1062 1584 blanditias
1094 1539 1427 1584 ambitiosorum
1450 1547 1492 1584 et
1520 1554 1715 1585 amorem

149 1624 492 1679 obsequentium
523 1626 594 1678 (ΙΙ,
631 1625 723 1678 156,
759 1625 871 1678 157),
906 1626 1258 1680 compescendus
1296 1626 1556 1670 immodicus
1593 1640 1718 1670 amor

158 1710 328 1764 patriae
360 1717 402 1754 et
431 1710 788 1765 propinquorum
818 1711 888 1763 (ΙΙ,
936 1710 1043 1763 150),
1086 1718 1128 1755 et
1166 1724 1296 1754 nemo
1338 1711 1713 1756 commendandus

149 1795 233 1839 nisi
255 1795 310 1839 ob
333 1795 539 1839 virtutem
562 1795 612 1848 (Ι,
636 1794 731 1848 377,
755 1794 868 1847 378).
893 1795 954 1840 Ne
977 1796 1173 1850 superbi,
1199 1795 1431 1849 ambitiosi,
1457 1796 1713 1851 gloriaeque

149 1881 299 1936 cupidi
321 1880 551 1925 videamur
567 1881 617 1933 (Ι,
642 1880 756 1933 290),
777 1881 830 1925 de
855 1895 940 1935 quo
964 1881 1067 1925 vitio
1091 1895 1223 1936 saepe
1245 1881 1446 1925 homines
1467 1895 1548 1926 nos
1570 1882 1712 1935 exagi-

147 1971 241 2011 tant
275 1966 325 2019 (Ι,
363 1965 477 2019 380),
508 1966 553 2010 in
589 1967 809 2010 contraria
841 1966 1096 2010 enitendum
1137 1973 1204 2011 est
1232 1981 1338 2011 vera
1369 1967 1636 2011 demissione
1669 1975 1711 2012 et

147 2052 391 2098 humilitate
413 2053 465 2106 (Ι,
489 2052 583 2105 381,
607 2052 702 2096 382.
724 2051 783 2096 (ΣΙ.
810 2052 861 2107 ΙΙ,
880 2052 1094 2105 315-318),
1114 2053 1166 2097 iis
1188 2054 1450 2108 praesertim
1469 2054 1543 2107 qui
1565 2054 1710 2108 splen-

148 2139 249 2183 dida
281 2140 528 2184 ministeria
559 2139 724 2184 obeunt
753 2140 822 2192 (ΙΙ,
848 2139 989 2191 73-77)
1012 2140 1081 2184 vel
1111 2141 1312 2194 speciosa
1333 2141 1375 2184 in
1399 2140 1536 2184 oculis
1556 2140 1707 2183 mundi

144 2224 214 2278 (ΙΙ,
238 2223 332 2277 313,
356 2224 469 2277 314).

198 2350 355 2396 AMOR
377 2350 454 2394 Dei
475 2351 716 2394 immensus
738 2350 788 2403 (Ι,
811 2350 854 2402 2)
880 2365 888 2393 :
914 2350 1003 2394 vid.
1028 2351 1335 2396 Perfectiones
1358 2351 1553 2396 divinae.

197 2438 334 2481 Amor
355 2436 544 2491 proximi
566 2436 617 2489 (Ι,
646 2436 710 2487 15)
735 2446 743 2475 :
770 2435 860 2479 vid.
885 2436 1075 2490 Caritas,
1114 2437 1257 2481 Zelus.

197 2523 335 2568 Amor
355 2523 564 2578 proprius
587 2522 636 2575 (l,
661 2522 703 2576 6)
729 2537 738 2565 :
762 2522 852 2566 vid.
877 2523 1020 2567 Vetus
1039 2523 1188 2567 homo.

196 2608 334 2653 Amor
354 2607 581 2652 Societatis
602 2607 672 2659 (ΙΙ,
696 2607 794 2659 307)
818 2621 827 2651 ;
852 2607 943 2650 vid.
968 2607 1171 2653 Societas
1191 2607 1308 2652 Iesu.

196 2695 334 2739 Amor
356 2694 501 2738 crucis
522 2693 571 2746 (Ι,
596 2692 694 2747 453)
719 2708 728 2736 :
752 2693 842 2737 vid.
866 2693 993 2738 Iesus
1015 2694 1237 2745 ChristUS‚
1261 2694 1528 2738 Renovatio.
1590 2754 1596 2759 ⁸
1645 2698 1651 2702 ’

199 2819 400 2865 ANGELI
420 2820 490 2863 alii
510 2819 612 2862 mali
644 2819 811 2873 delapsi
833 2825 935 2862 sunt
967 2819 1175 2873 superbia
1196 2818 1266 2871 (ΙΙ,
1291 2818 1358 2871 27,
1382 2818 1477 2870 28);
1502 2818 1606 2862 boni
1629 2819 1698 2861 alii

141 2905 308 2950 curiam
337 2904 571 2950 caelestem
601 2903 834 2948 efformant
853 2904 904 2957 (Ι,
922 2904 981 2957 9),
1005 2918 1153 2948 coram
1183 2903 1342 2958 quibus
1375 2904 1533 2947 cotidie
1570 2904 1698 2947 offer-

140 2996 212 3035 tur
232 2990 578 3034 Eucharisticum
600 2988 860 3033 sacrificium
882 2988 931 3040 (I,
951 2987 1063 3041 333).

195 3074 248 3119 Hi
279 3074 406 3119 nobis
436 3074 631 3118 imitandi
663 3080 764 3117 sunt
793 3073 837 3116 in
868 3072 1002 3117 rebus
1031 3073 1214 3127 agendis
1245 3074 1294 3126 (Ι,
1319 3072 1412 3122 437,
1446 3073 1540 3115 447.
1565 3072 1626 3116 Cf.
1661 3073 1692 3121 1,

141 3159 235 3204 312.
255 3161 306 3214 ΙΙ,
326 3160 410 3213 43),
433 3174 623 3214 quorum
646 3158 1004 3203 sublimissimum
1027 3159 1215 3203 officium
1238 3158 1509 3202 aemulamur
1529 3158 1693 3212 duplici

248 3282 377 3326 ΤΟΜΕ
407 3280 474 3325 IV.
1530 3278 1580 3321 27
