2315 3559
515 197 617 255 302
776 216 1024 258 Erlsrom
1064 220 1112 258 R.
1157 219 1202 258 P.
1245 222 1297 259 N.
1342 220 1584 260 Lunovlcl
1624 220 1823 262 MARTIN

512 371 785 432 serpentes
842 365 1044 435 ubique
1088 384 1298 422 errores
1349 367 1513 422 etiam
1564 368 1764 437 scripto
1808 370 2070 439 refellere,

512 479 698 517 curam
743 465 906 519 etiam
952 466 1386 522 demandandam
1431 467 1558 522 folia
1602 468 1815 536 publica
1859 469 1914 523 in
1958 470 2077 539 qui-

511 562 610 617 bus
666 573 994 632 sparguntur
1049 574 1101 620 et
1154 575 1584 636 propugnantur,
1626 568 1858 635 legendi.
1919 570 2078 623 Evin-

509 664 582 719 cit
642 666 806 720 etiam
868 668 1076 736 aliquot
1131 685 1159 722 e
1209 670 1426 737 nostris,
1481 669 1575 738 qui
1632 669 1934 725 ministeria
1984 672 2077 726 ob-

511 773 640 820 eunt
682 784 806 820 cum
857 766 1106 835 externiS,
1161 769 1241 822 vel
1287 769 1506 835 negotia
1549 776 1781 823 tractant
1824 787 1963 838 quae
2008 772 2075 826 ad

511 864 790 920 Societatis
835 866 1363 923 administrationem
1424 869 1712 939 pertinent,
1766 888 1921 939 posse
1982 870 2077 925 ali-

511 983 673 1033 quem
720 967 955 1020 fructum
1010 967 1077 1021 ab
1123 967 1439 1023 huiusmodi
1490 969 1718 1025 lectione
1763 971 1983 1038 referre,
2031 971 2075 1024 si

510 1082 570 1120 ea
616 1074 835 1120 utantur
885 1066 1258 1122 moderatione
1312 1086 1477 1136 quam
1522 1068 1975 1137 Congregationes
2024 1078 2076 1125 et

512 1164 808 1234 Praepositi
847 1166 1130 1222 Generales
1168 1185 1326 1236 saepe
1364 1170 1830 1225 commendavere.
1860 1170 1927 1223 At
1953 1169 2075 1239 quis

508 1283 772 1334 umquam
821 1266 946 1321 inde
991 1266 1189 1322 inferre
1228 1267 1416 1335 possit,
1458 1269 1595 1322 hanc
1638 1268 1924 1323 lectionem
1963 1286 2077 1323 om-

507 1364 666 1419 nibus
710 1365 918 1420 Nostris
956 1357 1377 1435 permittendam
1421 1385 1554 1435 esse,
1597 1375 1649 1423 et
1694 1368 1879 1423 obvias
1918 1386 2078 1437 quas-

507 1483 740 1534 cumque
791 1466 1165 1534 ephemerides
1210 1475 1263 1522 et
1311 1468 1519 1523 libellos
1559 1469 1784 1523 domum
1833 1477 2074 1524 nostram

508 1567 882 1621 admittenda?
948 1567 1075 1631 Quis
1142 1569 1372 1624 tolerare
1444 1568 1632 1637 possit,
1697 1570 1901 1638 absque
1966 1571 2074 1624 ulla

507 1667 866 1736 temperantia
903 1669 969 1723 ad
1010 1668 1100 1723 illa
1148 1670 1375 1737 legenda
1425 1671 1622 1725 multas
1670 1670 1868 1725 cotidie
1911 1671 2072 1725 horas

508 1768 750 1837 impendi
800 1776 981 1837 atque,
1028 1777 1089 1823 ut
1137 1769 1317 1824 verius
1373 1769 1570 1837 dicam,
1624 1769 1812 1839 perdi?
1866 1769 1941 1824 Eo
1993 1772 2073 1825 vel

508 1867 681 1935 magis
733 1869 880 1936 quod
932 1868 975 1922 si
1031 1868 1127 1936 illi,
1181 1868 1276 1937 qui
1340 1868 1394 1922 in
1449 1868 1765 1924 huiusmodi
1816 1869 2073 1924 immora-

506 1976 694 2023 rentur
736 1968 916 2037 nugis,
958 1968 1154 2037 hisque
1197 1969 1615 2025 narratiunculis
1655 1971 2068 2038 delectarentur,

502 2077 682 2141 essent
731 2087 758 2125 e
808 2069 1220 2125 studiosissimis
1271 2070 1559 2139 operariis;
1625 2087 1685 2125 ex
1735 2070 1800 2124 iis
1855 2087 2067 2139 nempe,

505 2169 599 2238 qui
644 2187 772 2238 prae
821 2169 1012 2225 ceteris
1051 2169 1256 2225 actuosi
1295 2178 1345 2225 et
1390 2169 1596 2225 strenui
1641 2169 1826 2224 munia
1864 2169 1966 2224 sibi
2004 2170 2071 2224 ab

504 2269 847 2325 oboedientia
877 2270 1169 2325 commissa
1195 2269 1610 2337 diligentissime
1636 2269 1878 2337 obirent3
1921 2269 2015 2338 qui
2043 2287 2070 2325 e

504 2377 761 2438 suggestu
805 2378 858 2425 et
905 2388 1004 2439 pro
1054 2388 1205 2426 sacro
1255 2371 1533 2438 tribunali,
1581 2371 1636 2425 in
1685 2370 1991 2426 carceribus
2019 2379 2070 2426 et

503 2471 850 2540 nosocomiiS,
894 2471 948 2526 in
987 2472 1166 2541 pueris
1218 2480 1270 2527 et
1313 2473 1539 2528 rudibus
1583 2472 1711 2528 fidei
1761 2472 2069 2527 rudimenta

503 2572 811 2640 edocendiS,
865 2571 919 2626 in
969 2572 1241 2628 sodaliciis
1286 2573 1538 2641 regendis
1589 2580 1641 2628 et
1683 2572 2064 2641 provehendiS,

503 2671 558 2726 in
608 2671 979 2740 spiritualibus
1040 2672 1306 2727 exercitiis
1368 2672 1713 2742 explanandis
1775 2671 2066 2741 impigram

503 2773 694 2827 darent
731 2790 970 2841 operam,
1013 2780 1071 2826 ut
1108 2773 1316 2827 animas
1355 2773 1461 2828 Deo
1500 2773 1899 2839 lucrifacerent3
1941 2780 2067 2826 tunc

502 2873 710 2941 prolata
771 2871 1039 2928 excusatio
1106 2872 1345 2941 aliquam
1415 2875 1639 2928 fortasse
1710 2871 1947 2927 veritatis
2016 2879 2067 2926 et

503 2972 800 3028 honestatis
850 2972 1084 3041 speciem
1123 2991 1250 3041 prae
1279 2991 1333 3028 se
1361 2974 1541 3028 ferret.
1595 2972 1696 3028 Sed
1735 2971 1779 3026 si
1818 2971 1973 3027 aliter
2010 2988 2065 3026 se

502 3091 586 3129 res
624 3073 903 3142 haberent,
945 3073 989 3128 si
1028 3091 1222 3142 nempe
1260 3074 1493 3143 operarii
1532 3081 1752 3143 propter
1790 3073 1926 3127 hanc
1964 3073 2066 3126 lec-

501 3172 704 3228 tionem
757 3173 1057 3229 ministeria
1108 3174 1472 3242 neglegerent,
1521 3173 1564 3228 si
1608 3171 1922 3241 Superiores
1971 3170 2064 3225 do—
