2315 3559
545 222 612 277 38
785 240 1035 277 EPISTOLA
1072 240 1291 278 ANTONII
1331 240 1529 277 MARIAE
1565 240 1874 277 ANDERLEDY

546 384 843 452 Praepositi
872 385 1155 439 Generales
1182 385 1571 453 prosectionem
1600 384 1653 438 in
1675 385 1907 452 patriam
1939 393 2118 439 vetue-

546 493 671 538 runt
708 485 1043 552 propinquos
1082 485 1289 539 visendi
1328 485 1518 551 gratia.
1553 485 1653 538 Pro
1693 503 1915 539 munere
1949 485 2116 552 igitur

545 601 641 637 suo
692 592 744 638 et
801 586 866 639 ad
926 593 1163 639 mentem
1214 584 1264 639 S.
1326 584 1646 638 Fundatoris
1700 584 1870 637 nostri
1934 585 2115 639 Patres

197 693 334 746 Quam
359 693 465 737 ohli-
547 683 808 751 septimae
853 684 1297 751 Congregationis
1332 684 1597 750 generalis
1643 683 1891 736 instituto
1930 692 2116 738 nostro

168 749 346 792 vionem
384 750 503 793 iuvat
828 783 858 792 ..
1121 784 1129 793 .
1402 785 1411 793 .
1518 783 1527 792 .
1755 783 1764 791 .

216 803 446 848 Ordinatio
549 783 603 837 Ρ.
654 783 862 838 Claudn
924 786 1234 851 Aquavivae
1297 785 1694 838 ordinationem
1752 792 2112 850 inseruerunt,

225 859 270 904 P.
282 859 446 903 Claudii

202 915 470 968 Aquavivae‚

548 900 687 949 quae
722 883 793 936 ita
828 883 990 937 babet
1026 901 1035 936 :
1075 898 1099 931 <(
1140 883 1531 937 Profectionem
1568 883 1621 935 in
1650 882 1880 950 patriam
1908 882 2116 935 Nostris

549 1003 574 1036 ))
618 983 977 1037 Provinciales
1005 984 1208 1050 absque
1235 1001 1393 1036 causa
1421 991 1646 1049 urgente
1667 990 1719 1036 et
1739 1001 1877 1050 quae
1905 999 2114 1035 moram

548 1103 574 1136 ))
615 1101 721 1137 non
745 1084 999 1151 patiatur,
1030 1101 1136 1136 non
1164 1083 1480 1151 permittant
1507 1084 1621 1137 sine
1648 1083 1862 1137 licentia
1889 1083 2118 1137 Genera-

549 1202 574 1235 »
616 1182 680 1236 lis
712 1201 721 1236 :
755 1184 821 1236 ad
851 1201 1014 1250 quem
1043 1185 1231 1236 saltem
1262 1191 1443 1250 postea
1475 1186 1725 1249 reserent,
1757 1183 1799 1235 si
1829 1182 2116 1236 necessitas

549 1302 573 1335 ³)
615 1282 878 1349 coegerit3
934 1282 1447 1349 significabuntque,
1495 1291 1758 1350 quantum
1798 1284 1863 1336 ad
1903 1292 2116 1350 tempus

181 1394 483 1476 g‘gff'ci'iffffl'o
548 1401 573 1434 ἱ»
615 1400 734 1436 eam
773 1382 1153 1436 concesserint.
1186 1382 1447 1437 Omnibus
1492 1391 1671 1436 autem
1718 1383 1889 1436 socios
1928 1383 2118 1437 adiun-

167 1476 356 1509 vainc·
387 1486 427 1509 ¹¹·
464 1479 495 1509 4·
545 1501 570 1534 i)
612 1490 758 1549 gent,
789 1481 883 1550 qui
912 1482 1079 1535 futuri
1108 1482 1215 1535 sint
1235 1482 1617 1536 aedificationi.
1652 1501 1677 1535 >>

611 1582 694 1636 14.
741 1582 987 1636 Proxime
1016 1583 1070 1636 P.
1103 1582 1325 1637 Claudio
1354 1583 1608 1636 successit
1636 1583 1691 1636 P.
1728 1582 1925 1636 Mutius
1956 1583 2118 1637 Vitel-

542 1681 859 1749 lescbi,qui
894 1682 1085 1735 eodem
1119 1682 1310 1736 ductus
1350 1681 1628 1736 Societatis
1667 1699 1851 1736 amore
1889 1682 2116 1750 parique

544 1782 926 1849 sollicitudine,
963 1783 1182 1836 Patrum
1215 1791 1525 1836 nostrorum
1558 1784 1799 1849 exempla
1827 1790 2111 1849 memorat,

544 1881 708 1935 vitam
762 1881 836 1935 ita
875 1882 1172 1948 agentium,
1214 1890 1273 1935 ut
1311 1900 1394 1936 res
1435 1881 1571 1935 vitae
1610 1882 1805 1949 prioris
1844 1881 2115 1935 oblivione

542 1990 801 2050 perpetua
833 1982 1141 2048 obruerent,
1172 1982 1335 2049 nulla,
1374 1989 1432 2035 ut
1465 1981 1668 2048 scribit,
1693 1981 2118 2047 consanguineo-

542 2100 663 2136 rum
686 2084 843 2150 plane
865 2082 1256 2150 recordatione,
1290 2097 1314 2130 «
1339 2082 1442 2135 nisi
1465 2099 1560 2148 per
1581 2100 1763 2149 preces
1790 2083 1867 2136 vel
1890 2083 1955 2136 ad
1979 2084 2118 2135 salu-

238 2194 430 2240 inculcat
544 2190 653 2236 tem
699 2182 961 2249 ipsorum.
1007 2200 1033 2234 »
1081 2196 1106 2230 ((
1149 2181 1413 2245 Quoniam
1458 2189 1638 2235 autem
1686 2199 1891 2249 vereor,
1939 2181 2117 2248 inquit

216 2263 448 2349 pfq'ssffiffis
547 2300 572 2334 ))
614 2280 879 2350 protinuS,
921 2299 987 2334 ne
1031 2280 1270 2334 caritatis
1315 2281 1510 2348 specie,
1550 2281 1772 2334 affectus
1817 2281 1903 2334 hic
1948 2281 2117 2334 animi

197 2359 464 2405 Vitelleschi.
547 2400 572 2433 3)
615 2380 815 2434 sensim
861 2380 1081 2447 irrepat,
1118 2398 1213 2447 per
1255 2380 1623 2448 aspersionem
1670 2380 1948 2446 sanguinis
1999 2381 2116 2434 lesu

547 2499 572 2532 ))
613 2479 810 2534 Christi
857 2479 1136 2533 universos
1174 2479 1431 2546 obtestor,
1474 2478 1696 2532 omnino
1735 2480 1875 2546 apud
1916 2497 1970 2533 se
2015 2487 2119 2532 sta-

547 2598 572 2631 »
614 2586 784 2645 tuant,
804 2595 1058 2645 magnam
1081 2577 1205 2631 hinc
1227 2577 1477 2632 Societati
1499 2578 1707 2632 cladem
1735 2578 1916 2632 afferri
1939 2595 2111 2646 posse.

547 2696 572 2730 3)
614 2677 786 2740 Quare
824 2694 922 2745 pro
967 2677 1075 2731 mei
1120 2677 1328 2731 ratione
1372 2677 1631 2745 muneris,
1680 2695 1844 2745 quam
1897 2694 2115 2745 possum

547 2797 573 2831 ))
613 2775 853 2843 graviter
880 2776 1335 2843 moderatoribuS,
1366 2793 1658 2844 severeque
1686 2776 1963 2843 denuntiO,
1985 2775 2116 2844 (non

547 2896 572 2930 ))
614 2893 733 2930 mea
773 2876 903 2929 baec
937 2883 1078 2941 sunt,
1121 2876 1211 2929 sed
1253 2875 1308 2928 P.
1352 2875 1502 2928 Mutii
1542 2874 1727 2943 verba)
1753 2875 2001 2928 robustos
2030 2874 2116 2927 bic

547 2995 573 3028 )>
614 2992 728 3029 sese
778 2973 1010 3028 maxime
1056 2976 1328 3041 sortesque
1366 2975 1673 3042 praebeant.
1708 2993 1733 3027 »
1774 2974 1911 3037 Quin
1947 2973 2117 3028 immo

547 3073 811 3142 praecipit
838 3073 983 3128 idem
1005 3073 1271 3139 generalis
1295 3074 1655 3141 praepositus,
1679 3081 1738 3127 ut
1758 3072 1919 3126 nullis
1942 3074 2039 3125 hac
2061 3072 2115 3126 in

551 3192 606 3228 re
633 3172 948 3242 Superiores
970 3190 1065 3226 nec
1093 3173 1619 3239 consanguineorum
1642 3172 2113 3241 postulationibuS,
