2315 3559
487 231 588 287 486
1227 252 1306 290 sm

487 393 561 447 qui
583 393 636 437 de
652 394 784 438 tantis
805 395 1015 449 periculis
1044 409 1124 439 nos
1154 396 1330 450 eripuit,
1354 397 1396 441 in
1421 412 1551 452 quem
1577 411 1808 452 speramus
1838 400 2047 453 quoniam

488 486 531 523 et
551 480 691 524 adhuc
713 480 871 535 eripiet
897 481 967 533 (ΙΙ,
992 482 1086 535 471,
1119 481 1213 525 472.
1248 482 1318 535 ΙΙΙ,
1352 482 1447 537 217,
1480 483 1614 537 218)“Ῡ
1650 483 1889 528 Dummodo
1923 499 2046 539 spem

488 567 665 621 dignam
705 567 850 610 divina
893 568 1091 611 Potentia
1130 582 1179 611 ac
1221 568 1419 613 Bonitate
1458 570 1713 623 habeamus,
1753 578 1965 624 quantum
2005 572 2050 615 in

490 653 617 698 nobis
639 660 720 707 est,
745 668 817 697 res
842 660 1017 697 nostrae
1046 654 1088 696 in
1119 660 1212 697 tuto
1244 661 1346 698 sunt
1374 656 1445 709 (ΙΙ,
1468 655 1580 710 272).
1617 655 1708 699 Non
1742 657 1859 700 enim
1889 657 2052 701 fallitur

490 740 566 784 Dei
586 740 823 795 promissio
855 741 925 793 (ΙΙ,
958 740 1077 793 450);
1112 739 1189 783 sed
1222 740 1295 794 qui
1327 748 1508 795 sperant
1537 742 1578 785 in
1612 741 1798 786 Domino
1819 742 2052 787 mutabunt

490 829 792 873 fortitudinem
814 829 885 882 (ΙΙ,
909 828 1023 882 244).

546 945 913 999 SPIRITUALIA,
949 945 1041 989 sive
1072 959 1144 988 res
1181 945 1445 999 spirituales,
1485 960 1670 1001 quarum
1703 947 1893 991 studium
1925 947 2054 991 vehe-

490 1037 665 1075 menter
685 1030 1020 1074 commendatur
1039 1030 1110 1083 (ΙΙ,
1140 1030 1349 1085 158-164),
1375 1046 1429 1075 ne
1452 1046 1533 1085 per
1554 1046 1705 1076 earum
1737 1032 2052 1076 relaxationem

491 1116 668 1160 humani
705 1122 748 1159 et
781 1116 1017 1160 inferiores
1048 1116 1230 1160 affectus
1265 1117 1536 1160 incalescant
1565 1117 1635 1169 (ΙΙ,
1669 1117 1811 1171 70-72)
1844 1124 1886 1161 et
1914 1123 2054 1161 totum

495 1203 721 1257 spirituale
761 1202 1005 1246 aedificium
1046 1209 1145 1246 ruat
1178 1204 1248 1256 (ΙΙ,
1290 1203 1384 1257 181)
1419 1218 1427 1247 :
1460 1203 1550 1247 vid.
1589 1204 1773 1259 Fervor,
1812 1204 2052 1256 Interiora,

495 1290 665 1343 Oratio,
687 1289 900 1345 Spiritus.

550 1375 817 1431 spiritualia
836 1374 1060 1419 exercitia
1079 1374 1119 1417 S.
1149 1374 1190 1417 P.
1217 1373 1266 1417 N.
1289 1374 1361 1427 (ΙΙ,
1379 1374 1478 1428 276)
1504 1389 1511 1417 :
1537 1374 1627 1417 vid.
1660 1374 1890 1419 Exercitia
1922 1374 2060 1429 spiri-

495 1462 654 1507 tualia.

552 1578 805 1624 SPIRITUS
826 1578 1142 1623 SOCIETATIS
1163 1578 1483 1622 consideratus
1516 1579 1563 1622 in
1590 1590 1671 1622 suo
1693 1578 1933 1632 principio
1965 1577 2060 1632 ipse

497 1665 684 1720 Spiritus
706 1671 884 1708 sanctus
915 1670 982 1708 est
1013 1665 1086 1718 qui
1117 1671 1256 1709 totum
1286 1666 1369 1709 hoc
1402 1679 1565 1718 corpus
1597 1671 1770 1718 vegetat
1801 1672 1933 1718 atque
1955 1664 2060 1707 vivi-

498 1753 598 1796 ticat
626 1752 677 1805 (Ι,
701 1751 786 1805 92).
817 1750 1003 1805 Spiritus
1035 1751 1252 1805 siquidem
1284 1751 1355 1795 ille
1388 1751 1477 1806 qui,
1511 1757 1623 1795 teste
1654 1750 1880 1805 Apostolo,
1916 1751 2061 1794 omnia

500 1844 711 1892 operatur
726 1837 770 1880 in
792 1836 997 1881 omnibus
1017 1837 1109 1890 (ΙΙΙ,
1133 1836 1219 1891 89),
1244 1837 1468 1891 exemplar
1489 1837 1593 1881 illud
1615 1837 1861 1891 perfectum
1884 1837 1924 1882 S.
1947 1837 2061 1881 Patri

501 1930 654 1967 nostro
677 1922 870 1966 ostendit
902 1923 946 1966 in
977 1929 1143 1975 monte,
1168 1922 1285 1975 quod
1307 1922 1350 1965 in
1381 1922 1775 1966 Constitutionibus
1803 1936 2061 1977 expressum

501 2009 725 2053 cernimus
747 2009 797 2062 (l,
821 2008 907 2062 92).
932 2008 1069 2052 Unice
1091 2008 1311 2062 petendus
1342 2015 1385 2051 et
1415 2009 1660 2052 servandus
1689 2015 1755 2052 est
1776 2008 1962 2063 Spiritus
1992 2008 2062 2052 ille

501 2094 645 2139 bonus
677 2094 749 2147 (ΙΙ,
783 2094 897 2148 264),
935 2100 978 2138 et
1009 2108 1059 2137 ea
1094 2094 1365 2138 removenda
1401 2108 1514 2148 quae
1551 2108 1605 2137 ne
1642 2094 1771 2138 detur
1801 2095 1978 2138 obstant
2013 2109 2061 2138 ac

502 2181 749 2236 impediunt
773 2181 864 2234 (111,
893 2180 979 2234 36).
1012 2180 1340 2225 Consideratus
1363 2181 1409 2224 in
1430 2193 1512 2224 suo
1534 2179 1702 2236 affecta
1732 2187 1799 2224 est
1826 2180 2064 2234 spiritualis

503 2267 576 2310 illa
596 2267 683 2310 vita
713 2267 838 2310 cuius
869 2266 1083 2321 primitias
1112 2266 1306 2310 Societas
1336 2280 1418 2320 per
1449 2266 1488 2309 S.
1525 2266 1740 2319 ignatium
1773 2266 1944 2320 accepit
1970 2266 2061 2320 (Ill,

503 2353 588 2406 88),
632 2359 675 2396 et
715 2352 874 2396 dicitur
912 2352 1113 2395 internus
1148 2353 1295 2405 homo,
1339 2352 1511 2405 qualem
1552 2352 1657 2396 haec
1702 2358 1852 2395 nostra
1891 2352 2062 2395 vocatio

504 2439 706 2493 requirit,
739 2438 808 2482 vel
840 2438 1020 2492 spiritus
1057 2439 1130 2492 qui
1162 2439 1356 2482 animare
1393 2452 1473 2482 nos
1510 2444 1553 2482 et
1582 2439 1624 2481 in
1657 2439 1849 2482 externis
1872 2438 2064 2491 dirigere

505 2525 743 2578 (lebetffll,
769 2526 808 2579 7,
831 2525 870 2575 8,
890 2525 957 2574 92,
990 2524 1095 2579 134).
1123 2525 1270 2577 Qualis
1292 2525 1362 2569 ille
1386 2525 1441 2569 sit
1467 2525 1560 2569 erui
1587 2531 1735 2579 potest
1756 2532 1846 2568 tum
1869 2539 1919 2568 ex
1947 2524 2065 2568 bulla

506 2611 850 2655 canonizationis
872 2612 911 2656 S.
949 2611 991 2655 P.
1023 2611 1071 2655 N.
1096 2611 1186 2665 (ΙΙΙ,
1219 2612 1304 2666 90),
1330 2619 1419 2655 tum
1454 2626 1504 2655 ex
1536 2612 1702 2665 regulis
1724 2618 1767 2655 et
1787 2611 2066 2655 Constitutio-

508 2697 637 2741 nibus
659 2711 767 2751 quas
789 2697 843 2740 ab
871 2697 967 2751 ipso
990 2698 1241 2752 accepimus
1273 2697 1364 2751 (ΙΙΙ,
1397 2698 1482 2751 91).
1517 2697 1575 2741 Ex
1606 2698 1672 2741 his
1703 2703 1847 2740 autem
1880 2711 1967 2741 non
2000 2685 2069 2741 est

508 2783 689 2838 spiritus
720 2783 801 2827 iste
840 2783 1055 2827 libertatis
1091 2790 1134 2827 et
1163 2783 1551 2837 independentiae,
1595 2798 1692 2827 cum
1734 2784 1974 2837 praecipue
2019 2783 2061 2826 in

507 2868 748 2913 humilitate
784 2874 827 2912 et
862 2868 1141 2912 oboedientia
1170 2869 1381 2912 consistat
1408 2869 1478 2921 (ΙΙ,
1510 2867 1603 2913 430.
1642 2868 1702 2912 Cf.
1737 2868 1807 2921 ΙΙΙ,
1842 2867 1907 2921 73,
1943 2868 2064 2921 ι14Ο);

508 2968 591 2998 nec
622 2954 808 3008 frigidus
840 2960 884 2997 et
913 2954 1137 2997 maleficus
1169 2954 1251 2998 iste
1282 2954 1513 2998 nationalis
1546 2954 1726 3008 spiritus
1758 2954 1828 3007 (ΙΙ,
1857 2953 1945 3006 103,
1975 2952 2068 2996 121-

514 3039 621 3092 124),
646 3054 745 3083 cum
769 3039 824 3083 sit
845 3038 1024 3092 spiritus
1057 3040 1249 3083 caritatis
1281 3040 1371 3092 (III,
1395 3039 1490 3089 243,
1514 3040 1628 3092 275).
1659 3039 1933 3084 Describitur
1960 3053 2066 3083 vero

508 3133 557 3169 ut
585 3126 641 3170 sit
678 3140 686 3169 :
725 3126 941 3177 sincerus,
975 3125 1187 3178 fervidus,
1225 3126 1414 3180 impiger
1443 3127 1513 3179 (ΙΙ,
1547 3126 1644 3180 227)
1675 3141 1723 3171 ac
1755 3134 1906 3171 santus
1936 3128 2067 3171 animi

509 3212 657 3265 ardor,
681 3225 706 3256 a
726 3211 874 3255 divina
894 3211 1034 3266 gratia
1054 3211 1097 3255 in
1121 3211 1341 3256 nobismet
1370 3212 1477 3267 ipsis
1509 3213 1736 3267 excitatus,
1769 3213 1822 3256 ad
1852 3213 2064 3258 maiorem
