2315 3559
412 253 478 289 DE
516 251 750 289 LITTERIS
790 251 1084 289 ENCYCLICIS
1123 253 1388 292 HUMANUM
1428 255 1596 293 GENUS
1712 242 1777 296 '19

225 394 493 461 colloquio
532 394 852 459 faciendum,
900 402 958 447 ut
1002 395 1354 449 incendantur
1391 398 1565 451 studia
1616 416 1777 466 quam

227 494 602 561 plurimorum,
633 510 928 560 eorumque
955 493 1008 546 in
1036 493 1241 560 primis,
1284 494 1376 561 qui
1404 495 1617 563 pietate,
1659 499 1782 551 doc-

227 592 384 657 trina,
415 591 580 645 animi
608 591 818 656 robore,
850 592 1164 645 auctoritate
1188 594 1379 646 valent.
1412 593 1631 659 Magnae
1659 603 1781 648 sunt

227 690 302 743 rei
335 698 443 743 tam
482 698 693 743 sanctae
732 690 1157 757 opportunitates
1196 690 1250 743 in
1295 691 1457 744 sacris
1491 693 1782 759 expeditio-

226 789 400 856 nibus,
438 788 491 841 in
523 788 1066 842 commentationibus
1094 789 1213 856 piis,
1251 790 1446 856 quibus
1481 792 1780 845 sacerdotes

228 890 307 942 vel
339 888 429 941 alii
465 888 562 941 viri
601 889 729 942 dant
773 904 1010 954 operam.
1054 889 1127 941 Eo
1165 897 1425 955 tempore,
1469 906 1576 956 quo
1615 890 1779 943 animi

225 994 348 1039 sunt
391 988 455 1040 ad
504 986 740 1039 veritatis
784 987 965 1039 lumen
1011 987 1416 1054 percipiendum
1462 988 1777 1055 paratioreS,

226 1085 692 1152 promptioresque
730 1086 795 1138 ad
841 1086 1237 1152 exsequendum
1283 1103 1442 1153 opere
1491 1104 1628 1154 quae
1666 1104 1784 1154 per-

224 1191 496 1250 ceperunt,
529 1183 605 1236 illi
640 1184 1011 1238 inflammandi
1041 1192 1162 1237 sunt
1189 1185 1366 1238 studio
1402 1186 1707 1240 deterrendi
1752 1205 1781 1239 a

226 1283 489 1349 perversis
517 1283 581 1336 iis
619 1283 856 1336 coetibus
885 1301 1047 1350 quam
1077 1284 1365 1350 plurimos;
1407 1285 1462 1337 hi
1499 1302 1621 1338 vero
1660 1294 1781 1338 sunt

223 1382 483 1436 avocandi
511 1383 576 1436 ab
604 1382 814 1448 iisdem,
841 1383 882 1435 si
911 1399 1106 1436 nomen
1133 1383 1396 1449 dederint,
1423 1392 1473 1437 et
1500 1383 1776 1449 incitandi,

225 1488 301 1547 ut,
333 1481 527 1548 quibus
559 1489 826 1548 poterunt,
868 1483 1240 1548 persuadeant,
1275 1490 1459 1535 contra
1486 1500 1660 1536 sacras
1688 1484 1779 1536 Dei

226 1588 277 1633 et
304 1581 566 1633 Ecclesiae
596 1581 738 1646 leges
772 1597 861 1633 eos
892 1580 1247 1645 committere,
1284 1580 1325 1633 si
1361 1580 1464 1633 illis
1486 1599 1540 1634 se
1562 1582 1782 1635 societa-

226 1679 367 1732 tibus
406 1679 699 1747 implicent.
753 1680 935 1746 Neque
979 1680 1108 1732 haec
1153 1697 1279 1732 ansa
1325 1680 1512 1746 deerit,
1560 1698 1681 1733 cum
1727 1681 1780 1733 in

227 1777 535 1843 regionibus
574 1776 843 1830 nonnullis
875 1776 1002 1829 viris
1040 1777 1108 1830 sit
1144 1779 1474 1831 consuetudo
1505 1796 1691 1832 vacare
1735 1797 1775 1832 s·.

225 1875 508 1941 exercitiiS,
550 1883 601 1928 et
638 1883 746 1928 tam
785 1875 839 1928 in
883 1875 966 1928 his
1011 1893 1173 1942 quam
1219 1875 1272 1928 in
1307 1875 1424 1929 aliis
1459 1876 1781 1930 invalescere

226 1974 461 2042 coeperit
510 1992 570 2028 ea
614 1973 815 2041 opinio,
869 1974 922 2027 in
972 1975 1110 2028 viris
1152 1976 1216 2028 ad
1257 1974 1423 2028 Deum
1468 1977 1781 2031 revocandis

227 2073 548 2127 industriam
604 2090 716 2126 esse
763 2073 1145 2127 adhibendam.
1198 2072 1332 2126 Sane
1386 2073 1678 2127 catholicus
1728 2075 1782 2127 in

227 2170 442 2224 civitate
486 2171 732 2224 Insulana
769 2178 1060 2224 conventus
1098 2172 1149 2224 d.
1190 2170 1256 2224 26
1293 2172 1426 2225 Nov,
1469 2190 1515 2226 a.
1556 2171 1691 2226 1882
1728 2173 1781 2227 id

229 2271 496 2337 agendum
519 2288 631 2324 esse
652 2270 905 2337 decrevit,
922 2278 980 2323 ut
1002 2271 1216 2337 damna,
1241 2288 1379 2338 quae
1399 2271 1539 2339 cepit
1560 2272 1782 2326 societas

229 2378 338 2423 tam
365 2369 536 2423 civilis
563 2387 725 2437 quam
753 2369 1063 2435 domestica,
1094 2377 1426 2437 reparentur.

296 2468 411 2520 Alia
437 2468 598 2521 etiam
625 2467 863 2522 subsidia
883 2467 933 2522 S.
959 2468 1221 2521 Ecclesiae
1249 2468 1515 2522 serviendi
1543 2468 1779 2523 studium

228 2565 608 2633 suppeditabit.

296 2664 436 2732 Opus
482 2682 626 2731 ver0,
662 2666 806 2732 quod
839 2682 964 2732 prae
1003 2665 1250 2719 manibus
1283 2672 1380 2731 est,
1414 2665 1635 2731 aggredi
1669 2665 1782 2718 sine

229 2781 380 2818 mora
419 2773 470 2818 et
508 2764 712 2832 abjecta
750 2765 897 2818 omni
935 2765 1273 2819 cunctatione
1304 2772 1531 2833 oportet.
1554 2765 1782 2832 Tempus

229 2863 372 2917 enirn
416 2865 517 2917 hoc
555 2871 918 2931 opportunum
957 2864 1493 2932 praetermittendum
1533 2880 1638 2917 non
1683 2871 1778 2928 est,

225 2980 351 3015 cum
401 2961 652 3016 Summus
695 2962 933 3016 Pontifex
961 2964 1012 3017 d.
1050 2962 1133 3017 10.
1172 2962 1294 3016 Maii
1332 2962 1685 3027 mandaverit,
1726 2968 1782 3013 ut

223 3062 299 3114 ad
320 3062 592 3129 inteyrum
612 3060 749 3115 anni
767 3062 1007 3127 spatium
1027 3068 1145 3128 post
1163 3062 1268 3115 rite
1287 3063 1549 3129 vulgatas,
1563 3105 1594 3114 ..
1618 3060 1661 3114 A
1666 3078 1783 3126 pos-

230 3160 413 3214 tolicas
453 3161 685 3215 Litteras
735 3159 1066 3224 (Humanum
1116 3161 1308 3227 genus)
1356 3160 1417 3214 in
1463 3175 1784 3227 unaquaque

1865 2682 1985 2735 Opus
2013 2680 2117 2724 illud

1837 2735 2151 2789 aggrediamur

1938 2790 2041 2832 nihil

1855 2849 2131 2896 cunctantes,
