2315 3559
831 230 933 270 REN
963 247 1029 253 —
1057 232 1150 270 aas
1665 216 1762 270 477

213 380 373 424 veteris
397 380 562 423 erroris
584 377 747 432 aliquid
763 377 805 420 in
832 376 958 421 nobis
975 383 1174 420 remanet
1190 376 1239 428 (l,
1257 376 1368 429 150),
1388 382 1430 419 et
1451 376 1546 429 ipso
1568 376 1765 429 pondere

215 473 395 510 naturae
418 465 471 508 ad
494 465 714 508 deteriora
737 463 1007 506 deflectimus
1030 464 1080 514 (l,
1105 461 1215 515 153).

266 551 310 594 4⁰
340 551 399 594 Ex
421 549 598 604 speciali
628 554 746 592 sorte
776 548 1018 600 Societatis,
1043 548 1086 591 in
1117 561 1202 601 qua
1230 547 1360 591 unius
1390 547 1539 590 vitium
1572 546 1769 590 attribui-

213 643 285 680 tur
304 635 524 679 universis
545 635 594 686 (l,
609 633 823 687 395-398),
848 633 971 677 cuius
992 633 1131 677 robur
1152 639 1195 677 et
1216 638 1523 676 ornamentum
1545 632 1710 675 residet
1725 632 1768 674 in

215 722 398 775 singulis
414 720 625 764 membris
642 720 691 771 (Ι,
717 720 825 772 161),
846 726 888 763 et
905 733 1016 773 quae
1033 718 1296 773 praesertim
1315 718 1478 761 nostris
1496 716 1771 771 temporibus

212 814 331 852 tanta
353 807 450 850 odia
473 813 515 850 et
536 812 701 850 tantam
725 806 1099 859 exspectationem
1123 805 1280 849 excitat
1301 804 1370 857 (ΙΙ,
1391 803 1604 855 399-405).

268 892 330 936 Ad
366 891 699 935 renovationem
736 891 981 934 adhibenda
1020 890 1215 934 remedia
1251 895 1353 933 sunt
1391 889 1473 932 alia
1512 887 1734 942 generalia
1761 902 1769 930 ε

215 977 404 1020 studium
455 976 667 1020 orationis
708 975 757 1028 (Ι,
797 975 909 1027 403),
952 990 1059 1019 usus
1108 975 1425 1019 Exercitiorum
1467 980 1510 1018 et
1549 973 1771 1017 exsecutio

214 1062 265 1114 (Ι,
288 1062 510 1114 404-407);
536 1061 616 1105 alia
637 1061 932 1115 particularia.
959 1075 1071 1115 quae
1094 1068 1195 1105 sunt
1219 1076 1227 1104 :

273 1148 311 1190 10
331 1146 631 1190 Consideratio
654 1154 745 1190 tum
767 1147 976 1201 propriae
1006 1145 1353 1200 imperfectionis
1374 1146 1422 1198 (Ι,
1446 1144 1560 1188 1324
1572 1144 1658 1197 34),
1681 1151 1772 1188 tum

215 1233 437 1287 dignitatis
461 1233 699 1286 Religionis
730 1240 909 1276 nostrae
931 1233 980 1283 (l,
1001 1231 1196 1283 &ao-306,
1221 1231 1444 1284 391-393);
1468 1230 1772 1285 multiplicium

217 1317 292 1360 Dei
309 1317 625 1360 beneficiorum
643 1317 692 1369 (Ι,
714 1316 903 1369 134-139,
926 1317 1134 1369 154-157),
1155 1323 1198 1360 et
1215 1315 1450 1370 singularis
1468 1314 1773 1359 Providentiae

216 1417 322 1456 erga
353 1403 611 1446 Societatem
644 1403 694 1454 (Ι,
718 1402 912 1447 297-304.
947 1403 997 1446 ΙΙ.
1031 1401 1255 1454 386-396);
1289 1401 1519 1445 duodecim
1542 1399 1776 1454 perfectio-

219 1502 322 1532 num
345 1488 591 1532 divinarum
613 1488 663 1541 (I,
681 1487 905 1541 306-324>;
929 1488 1157 1532 brevitatis
1175 1488 1288 1531 vitae
1306 1487 1357 1540 (I,
1378 1486 1468 1536 139,
1486 1486 1598 1539 140),
1616 1492 1660 1529 et
1678 1485 1778 1528 red-

219 1573 388 1616 dendae
410 1573 593 1617 rationis
615 1574 731 1628 apud
755 1588 958 1617 severum
982 1573 1173 1617 Iudicem
1195 1573 1246 1625 (Ι,
1272 1571 1363 1621 153,
1393 1572 1482 1615 154.
1506 1570 1566 1615 Cf.
1592 1571 1641 1621 ΙΙ,
1661 1570 1774 1621 254).

272 1657 316 1701 ⁹20
345 1657 505 1712 Operis
527 1672 746 1712 generosa
769 1658 997 1712 aggressio
1022 1658 1115 1702 sine
1137 1671 1261 1701 mora
1283 1657 1333 1711 (Ι,
1359 1656 1570 1709 140-143).

274 1743 317 1786 30
347 1743 576 1798 Vigilantia
597 1745 641 1787 in
663 1744 795 1788 finem
818 1758 872 1788 ne
896 1757 1170 1798 corrumpas,
1186 1743 1418 1787 coniuncta
1447 1742 1631 1786 fiduciae
1661 1741 1777 1795 quod

224 1829 338 1872 Deus
361 1842 471 1883 opus
492 1829 695 1882 perficiet
715 1830 765 1882 (Ι,
791 1828 983 1873 143-146.
1009 1828 1068 1873 Cf.
1094 1829 1126 1883 Ι,
1149 1828 1343 1873 υ299-301.
1369 1828 1419 1880 ΙΙ,
1445 1828 1540 1876 ⁵254,
1562 1827 1675 1879 398).

281 1954 660 1999 RENUNTIATIO
682 1954 904 1999 bonorum
931 1969 1043 2009 quae
1066 1954 1193 1998 nobis
1215 1954 1259 1997 in
1282 1953 1457 1998 saeculo
1480 1951 1781 2006 obtingebant‚

224 2052 279 2082 ne
312 2039 540 2084 differatur
579 2040 629 2088 (Ι,
653 2040 766 2094 448),
809 2041 937 2084 etiam
974 2046 1205 2095 praetextu
1240 2039 1414 2094 pietatis
1444 2039 1486 2081 in
1519 2038 1777 2082 Societatem

222 2125 274 2178 (l,
298 2125 419 2178 449);
445 2125 523 2169 sed
543 2126 616 2169 fiat
643 2133 814 2170 mature
843 2126 912 2178 (ΙΙ,
943 2125 1101 2178 93-95),
1124 2125 1198 2169 fiat
1223 2125 1396 2178 integra
1417 2124 1469 2176 (Ι,
1491 2123 1603 2176 449),
1625 2137 1713 2166 non
1734 2123 1779 2166 in

228 2220 440 2266 cognatos
483 2228 562 2258 nec
603 2215 647 2258 in
688 2215 914 2258 definitum
954 2214 1181 2258 Societatis
1218 2213 1499 2265 domicilium,
1542 2212 1693 2255 saltem
1744 2211 1779 2254 si

228 2298 490 2343 renuntians
525 2299 585 2342 ibi
618 2299 785 2343 habitet
819 2300 867 2351 (l,
889 2299 983 2351 450,
1017 2299 1130 2352 451),
1168 2312 1313 2352 neque
1346 2297 1476 2341 ullius
1510 2297 1572 2340 rei
1609 2302 1780 2339 retenta

228 2384 603 2430 administratione
625 2386 675 2439 (I,
699 2386 812 2438 451).

283 2502 384 2546 RES
407 2502 654 2556 spirituales
675 2502 746 2555 (ΙΙ,
773 2502 866 2555 160)
891 2517 899 2545 ;
924 2502 1014 2546 vid.
1038 2501 1315 2557 Spiritualia.

285 2589 374 2633 Res
394 2588 661 2642 temporales
681 2589 732 2641 (Ι,
762 2588 853 2641 189)
879 2603 887 2631 :
910 2587 1000 2632 vid.
1025 2587 1323 2642 Temporalia.

285 2714 646 2759 RESIDENTIAE
681 2714 767 2757 sint
800 2714 844 2756 in
879 2713 1062 2766 singulis
1102 2712 1343 2755 Provinciis
1377 2724 1458 2765 pro
1494 2710 1782 2754 missionariis

233 2800 282 2851 (1,
303 2800 398 2847 373,
421 2800 532 2851 468).
567 2799 713 2851 Qualis
745 2798 903 2843 debeat
933 2812 1031 2842 esse
1063 2812 1213 2841 earum
1245 2797 1455 2851 Superior
1475 2796 1524 2849 (I,
1544 2796 1656 2847 2274).
1689 2795 1781 2847 Quo

235 2892 362 2940 pacto
397 2885 682 2929 stabiliendae
704 2890 747 2928 et
767 2884 1079 2929 sustentandae
1100 2883 1151 2936 (I,
1174 2882 1268 2935 273,
1291 2883 1385 2926 274.
1409 2881 1469 2926 Cf.
1494 2881 1525 2934 l,
1549 2881 1644 2935 468,
1667 2881 1778 2934 469).

290 3011 618 3056 RESIGNATIO
659 3011 893 3054 voluntatis
934 3010 976 3053 in
1016 3009 1339 3063 beneplacitum
1379 3009 1572 3052 divinum
1611 3007 1662 3060 (l,
1686 3006 1779 3051 309.

237 3098 308 3150 ΙΙΙ,
356 3098 434 3151 15),
478 3098 535 3140 ita
573 3104 619 3140 ut
658 3097 803 3140 divina
851 3096 1074 3139 voluntate
1124 3094 1227 3138 nihil
1275 3094 1514 3139 habeamus
1562 3093 1783 3146 antiquius

237 3184 288 3235 tl,
317 3184 408 3230 157)
434 3198 442 3225 z
469 3182 555 3226 rid.
579 3183 846 3238 Abnegatim
870 3182 1112 3233 Patientia,
1131 3181 1438 3225 Providentia.
