2315 3559
487 243 590 297 474
1115 263 1213 300 PUL
1238 277 1305 282 —
1331 262 1428 300 RAT

539 405 925 451 PULCHRITUDO
947 406 1095 450 divina
1115 406 1165 460 (1,
1185 406 1283 459 311)
1309 419 1319 450 .·
1344 407 1432 451 vid.
1457 407 1767 452 Perfectiones
1794 408 1995 452 divinae.

541 492 836 537 Pulchritudo
858 492 1008 547 templi
1040 492 1392 546 lerosolymitani
1423 507 1561 547 quare
1591 499 1678 536 tam
1710 499 1860 537 exacte
1889 493 2054 538 descri-

487 576 618 621 batur
638 577 689 631 (1,
712 577 926 632 297-302).

543 664 838 709 Pulchritudo
860 663 1088 707 Societatis
1110 663 1209 707 lesu
1230 663 1280 717 (Ι,
1304 663 1372 716 92,
1397 664 1494 718 161)
1528 678 1537 707 z
1570 663 1660 708 vid.
1696 663 1901 708 Societas
1930 664 2050 709 Iesu.

542 749 838 794 Pulchritudo
866 763 1015 793 rerum
1048 748 1330 803 caducarum,
1364 763 1477 804 quae
1501 763 1581 793 nos
1602 755 1788 803 tangere
1812 763 1899 793 non
1922 749 2054 794 debet

488 834 538 888 (1,
563 834 662 888 445)
686 849 695 878 ;
719 834 810 879 vid.
834 835 1104 891 Abnegatio,
1125 835 1269 880 Vetus
1289 836 1438 880 homo.

542 959 781 1004 PURITAS
802 959 936 1003 animi
958 959 1249 1003 custodienda
1270 973 1321 1003 ex
1342 959 1496 1013 regula
1516 959 1568 1013 (I,
1592 959 1706 1013 241),
1738 958 1936 1012 diligenti
1958 971 2055 1002 exa-

486 1045 605 1089 mine
636 1051 680 1089 et
713 1051 919 1089 accurato
954 1045 1108 1089 labore
1143 1045 1460 1100 consequenda
1489 1045 1540 1098 (1,
1573 1044 1688 1099 331),
1720 1043 2056 1088 commendatur

485 1130 778 1175 missionariis
799 1131 917 1175 inter
935 1145 1173 1186 perversas
1196 1137 1352 1185 gentes
1373 1131 1425 1185 (l,
1442 1131 1530 1186 52),
1549 1130 1822 1175 scholasticis
1838 1130 1883 1173 in
1900 1129 2055 1174 studiis

486 1217 538 1272 (I,
561 1216 657 1270 459,
680 1216 777 1271 460,
800 1216 913 1272 461),
938 1217 1124 1272 aliisque
1146 1217 1352 1262 omnibus
1373 1217 1424 1271 (I,
1448 1216 1543 1262 307.
1569 1217 1620 1270 Il,
1639 1216 1738 1270 284)
1757 1222 1800 1260 et
1814 1215 2055 1270 praecipue

484 1303 634 1357 iisqui
655 1302 701 1346 in
722 1303 1002 1358 dispersione
1019 1310 1257 1347 versantur
1272 1303 1364 1357 (111,
1382 1302 1496 1357 203).
1517 1303 1652 1347 Nivea
1668 1302 1749 1346 fuit
1764 1301 1809 1345 in
1827 1302 1867 1346 S.
1889 1301 2054 1345 Ioanne

486 1389 755 1434 Berchmans
777 1389 869 1443 (111,
893 1390 1005 1444 144),
1030 1397 1077 1434 ut
1092 1389 1173 1433 flos
1190 1389 1342 1433 illibati
1360 1389 1516 1434 nitoris
1536 1389 1581 1433 in
1604 1387 1842 1433 Maioribus
1859 1387 1909 1441 (1,
1925 1386 2023 1440 433)
2043 1401 2053 1431 ε

485 1474 577 1519 vid.
601 1476 812 1521 Peccata.

543 1651 843 1754 QUERELAE
874 1687 1151 1732 subditorum
1182 1686 1418 1731 audiantur
1447 1699 1547 1729 cum
1578 1684 1760 1728 caritate
1790 1683 1841 1736 (I,
1867 1682 1979 1736 191),
2013 1688 2056 1726 et

484 1779 663 1833 iustitia,
686 1793 786 1823 cum
807 1778 903 1822 lieri
924 1777 1066 1832 possit
1086 1783 1134 1821 ut
1153 1776 1313 1820 iustam
1335 1773 1642 1829 conquerendi
1665 1787 1842 1819 causam
1863 1772 2056 1816 habeant

486 1866 558 1921 (ll,
581 1865 676 1909 214.
702 1864 763 1909 Cf.
789 1864 839 1916 Il,
862 1863 973 1917 107).

541 1952 758 2006 Querelae
780 1956 1082 2001 externorum,
1107 1961 1197 1991 non
1219 1947 1360 1991 solum
1382 1952 1504 1990 recte
1527 1945 1811 1990 sentientium
1829 1943 1919 1997 (Ill,
1936 1943 2050 1996 251),

485 2037 600 2091 331),
635 2037 713 2081 sed
743 2035 873 2080 etiam
903 2034 1239 2087 malevolorum,
1273 2032 1473 2087 quamvis
1505 2032 1619 2075 forte
1650 2030 1768 2074 nulla
1798 2035 2053 2073 nostrorum

486 2124 616 2179 culpa
638 2123 834 2167 nitantur
854 2122 905 2176 (1,
928 2121 1041 2174 380),
1061 2120 1242 2164 minime
1263 2125 1411 2164 tamen
1435 2117 1740 2171 neglegendae
1763 2123 1865 2160 sunt
1887 2115 1937 2169 (1,
1956 2114 2053 2169 285,

486 2210 583 2265 286,
605 2209 801 2254 381-385.
833 2209 885 2262 ll,
923 2208 1017 2259 315,
1043 2207 1140 2261 318)
1175 2222 1183 2250 :
1218 2205 1492 2261 sapientibus
1522 2205 1640 2248 enim
1672 2210 1716 2247 et
1744 2202 2056 2256 insipientibus

487 2297 714 2341 debitores
736 2309 888 2339 sumus
909 2294 980 2348 (ΙΙ,
1008 2295 1100 2347 111,
1125 2292 1221 2347 112)
1246 2307 1254 2336 ;
1280 2292 1371 2336 vid.
1394 2291 1625 2344 Externis,
1653 2290 1881 2334 Externus
1902 2289 2051 2333 homo.

488 2383 612 2437 Quod
646 2383 681 2427 si
711 2388 843 2426 erunt
861 2382 976 2425 forte
999 2379 1237 2425 nonnullae
1260 2377 1470 2432 querelae
1492 2377 1751 2421 devotarum
1772 2374 2053 2428 feminarum,

487 2470 540 2515 iis
558 2484 647 2514 non
670 2468 905 2513 difficulter
926 2466 1100 2511 occurri
1121 2465 1286 2521 poterit
1305 2465 1356 2519 (l,
1382 2464 1494 2518 196).

543 2596 925 2653 QUERIMONIAE
938 2602 981 2640 et
994 2593 1445 2646 obmurmurationes,
1465 2605 1578 2646 quae
1597 2591 1800 2635 oriuntur
1816 2604 1866 2633 ex
1881 2590 2056 2633 defectu

489 2683 663 2728 virtutis
685 2683 735 2736 (Ι.
759 2682 827 2735 61,
850 2681 919 2735 68,
945 2682 1039 2735 109,
1070 2680 1167 2735 204,
1190 2680 1287 2733 205,
1311 2679 1405 2724 409.
1432 2678 1483 2731 ll,
1509 2678 1575 2731 78,
1599 2676 1694 2727 211,
1723 2676 1817 2719 212.
1853 2675 1924 2728 lll,
1966 2674 2052 2726 142,

489 2770 584 2824 157,
607 2768 703 2822 334,
726 2767 824 2822 336)
851 2782 859 2811 :
883 2767 975 2811 vid.
998 2766 1269 2823 Abnegatio,
1289 2765 1399 2819 Pax,
1420 2764 1564 2808 Vetus
1584 2764 1733 2807 homo.

574 2936 754 3014 RATIO
777 2966 1170 3012 CONSGIENTIAE
1183 2966 1358 3009 sincere
1372 2962 1600 3008 reddenda
1614 2960 1847 3015 reponitur
1863 2974 1887 3002 a
1903 2959 2055 3012 quinta

488 3056 625 3110 Cong.
650 3055 759 3100 Gen.
783 3054 900 3098 inter
925 3051 1229 3097 substantialia
1258 3049 1398 3094 nostri
1428 3047 1617 3091 instituti
1648 3045 1718 3099 (11,
1742 3044 1827 3097 36),
1852 3050 1895 3087 et
1923 3057 2056 3097 pecu-

490 3142 597 3186 liare
613 3140 884 3196 praesidium
902 3145 970 3183 est
986 3137 1231 3182 servandae
1249 3135 1458 3180 castitatis
1476 3134 1546 3187 (ll,
1566 3133 1634 3186 34,
1652 3131 1744 3186 35>3
1770 3130 1847 3174 sed
1868 3129 2057 3183 requirit

489 3229 534 3273 in
556 3229 794 3283 Superiore
815 3234 863 3272 ut
884 3232 1092 3281 quattuor
1118 3223 1358 3279 praecipue
1381 3223 1505 3266 dotes
1527 3220 1752 3265 emineant
1780 3217 1851 3271 (Il,
1875 3216 1943 3270 36,
1966 3215 2052 3270 37).
