2315 3559
413 211 479 247 DE
517 209 680 247 CL‘LTL'
721 212 791 247 ss.
829 210 1011 248 0011015
1050 211 1166 248 lest·
1208 212 1553 250 Pnovfflffixno
1694 198 1759 252 99

273 354 347 406 Ad
389 354 615 405 alterum
647 370 788 415 1610,
820 353 870 406 id
900 362 996 415 est,
1027 355 1092 407 ad
1120 356 1291 407 61111115
1319 354 1584 408 rationem
1613 358 1755 422 quod

205 459 423 517 spectat,
464 468 586 504 usus
615 451 847 504 obtinuit
879 460 1115 505 veterum
1139 452 1298 505 etiam
1330 454 1671 520 populorum,
1704 463 1755 505 ut

201 566 295 602 cor
337 548 389 601 in
435 549 658 615 symboli
705 549 903 602 amoris
949 551 1063 603 loeo
1109 551 1414 604 haberetur.
1461 551 1757 603 Plurimum

206 664 329 700 vero
371 648 435 701 ad
482 665 595 700 rem
640 656 877 701 nostram
922 648 1159 715 interest,
1207 648 1536 703 Salvatorem
1581 649 1757 716 ipsum

202 763 297 799 nos
342 746 602 811 docuisse,
639 764 666 799 e
710 748 870 800 eorde
913 764 1164 801 emanare
1208 748 1568 802 dilectionem.
1602 748 1757 801 Iussit

198 844 344 897 enim
385 861 479 897 nos
519 844 806 898 Dominum
845 846 1012 898 Deum
1044 854 1289 898 nostrum
1318 846 1543 912 diligere
1569 864 1632 900 err
1659 853 1758 900 toto

200 945 348 996 corde
386 951 436 996 et
492 943 556 996 de
612 943 923 997 dulcissimo
975 944 1144 998 Corde
1194 962 1289 998 suo
1341 944 1651 1012 pronuntiat
1698 963 1755 998 ea

201 1042 379 1107 verba,
411 1059 547 1108 quae
574 1042 707 1095 adeo
734 1042 976 1095 animum
1004 1044 1212 1096 elevant
1255 1061 1265 1096 :
1302 1044 1433 1096 Ecce
1461 1044 1602 1096 illud
1631 1042 1751 1107 Cor,

198 1142 336 1208 quod
375 1147 642 1206 tantopere
675 1142 882 1194 amarit
908 1143 1167 1195 homines.
1202 1142 1273 1195 Ex
1299 1142 1495 1209 quibus
1523 1143 1758 1195 luculen-

199 1240 404 1293 tissime
426 1248 586 1307 patet,
612 1239 712 1293 Cor
733 1240 1153 1294 sacratissimum
1175 1242 1400 1295 adorare
1422 1258 1516 1294 nos
1539 1241 1751 1303 debere,

198 1347 255 1391 111
304 1339 604 1405 symbolum
655 1347 731 1392 est
781 1339 979 1392 amoris
1030 1339 1300 1405 immensi,
1359 1357 1467 1407 quo
1517 1339 1755 1393 Christus

197 1437 454 1491 Dominus
481 1455 648 1503 genus
676 1438 973 1491 humanum
1000 1439 1363 1506 prosequitur.

266 1536 398 1589 Huic
438 1544 616 1590 autem
656 1536 851 1590 Christi
883 1537 1096 1590 Domini
1125 1537 1334 1590 caritati
1361 1538 1505 1590 nulla
1533 1537 1634 1590 alia
1662 1555 1757 1604 par

196 1635 426 1689 inveniri
465 1635 678 1702 poterit.
721 1635 846 1698 Quis
897 1636 1039 1689 enim
1091 1636 1384 1703 negaverit„
1435 1637 1758 1690 lnearnatio-

195 1751 318 1787 nem
362 1734 520 1787 Yerbi
563 1742 834 1801 acceptam
879 1736 1214 1789 referendam
1270 1753 1383 1788 esse
1437 1735 1608 1789 amori
1663 1736 1756 1790 Dei

195 1833 363 1886 nostri
402 1833 651 1886 infinito?
694 1833 784 1888 Sic
819 1834 960 1887 Deus
1003 1835 1196 1888 dilexit
1247 1836 1531 1899 mundum,
1580 1835 1756 1902 inquit

194 1931 244 1985 S.
271 1933 512 1998 Ioannes,
554 1939 613 1985 ut
648 1934 699 1986 F
699 1934 861 1986 ilium
900 1951 1058 1986 31111111
1108 1934 1449 2001 unigenitum
1498 1936 1665 1997 claret,
1697 1941 1757 1987 ut

192 2032 370 2084 omnis
407 2032 503 2100 [μα’
539 2033 706 2085 credit
757 2033 814 2085 in
853 2049 994 2096 eum,
1044 2050 1148 2085 11οη
1185 2039 1386 2099 pereat,
1432 2034 1522 2086 sed
1565 2033 1755 2087 habeat

193 2130 360 2183 vitam
420 2137 713 2184 aeternam.
761 2130 882 2184 Tale
943 2149 1001 2184 ae
1064 2138 1272 2184 tantum
1334 2132 1537 2185 donum
1599 2132 1752 2198 plane

190 2228 543 2295 demonstrat,
603 2237 834 2296 quantus
879 2229 946 2283 sit
996 2229 1088 2283 Dei
1131 2247 1303 2295 amor,
1357 2238 1556 2297 quanta
1606 2230 1755 2283 beni-

192 2326 385 2392 gnitas.
441 2327 635 2380 Filium
686 2327 904 2381 donavit
957 2328 1112 2382 Pater
1160 2328 1492 2395 hominibus,
1545 2328 1647 2381 sibi
1703 2337 1751 2382 et

190 2424 415 2493 Spiritui
446 2425 637 2479 Sancto
674 2428 972 2493 aequalem,
1003 2445 1126 2481 eum
1154 2427 1289 2480 nihil
1318 2427 1496 2495 impar
1521 2435 1572 2481 et
1599 2427 1755 2481 dissi-

193 2523 319 2577 mile
346 2523 400 2576 in
428 2523 624 2578 divinis
652 2525 893 2591 personis
921 2543 1033 2579 esse
1062 2525 1255 2593 possit;
1288 2526 1483 2579 Filium
1511 2525 1748 2585 donavit,

188 2621 277 2675 eui
333 2623 520 2676 eadem
571 2623 798 2676 essentia
846 2632 942 2690 est,
996 2625 1184 2678 eadem
1245 2625 1509 2689 voluntas,
1562 2624 1750 2678 eadem

193 2722 448 2789 potentia.
478 2722 641 2775 Tanta
679 2730 757 2776 est
794 2723 1110 2790 magnitudo
1149 2723 1296 2790 doni,
1338 2731 1395 2776 ut
1431 2722 1605 2777 maior
1638 2740 1750 2777 esse

193 2837 299 2873 non
331 2821 514 2888 possit.

261 2919 530 2983 Quaenam
568 2919 711 2974 enim
756 2920 910 2987 ratio,
949 2921 1042 2989 qui
1076 2921 1197 2974 finis
1234 2921 1376 2975 Patri
1407 2930 1623 2975 aeterno
1652 2920 1749 2973 suit

194 3018 442 3073 mittendi
486 3037 627 3085 eum,
670 3019 764 3087 qui
808 3028 886 3074 est
937 3022 1186 3087 splendor
1227 3022 1433 3090 gloriae
1475 3027 1525 3074 et
1570 3021 1746 3087 siqu-ra

187 3118 526 3172 substantiae
563 3118 810 3172 61113915
862 3120 1100 3185 profecto
1150 3119 1268 3186 fuit,
1322 3127 1380 3172 111
1435 3119 1490 3172 111
1539 3124 1747 3186 partem

1805 357 1849 393 ut
1880 357 1946 394 est
1967 351 2130 396 amoris

1832 405 2095 457 symbolum.

1830 961 1970 992 Matth.
1990 962 2042 998 22,
2055 963 2108 994 537.

1804 1549 1917 1591 Haec
1938 1549 2126 1601 symboli

1802 1603 1911 1646 ratio
1940 1604 2125 1647 maxime

1856 1659 2064 1713 convenit

1828 1712 1898 1756 Ss.
1933 1713 2063 1757 Cordi
2088 1729 2097 1757 :

1829 1836 1929 1889 quia
1952 1842 2097 1879 ortum

1801 1897 1867 1934 est
1893 1904 1945 1934 ex
1973 1904 2123 1936 amore

1880 1945 2043 1995 divino,

1840 2027 1982 2058 Ioaun.
1995 2028 2026 2064 3,
2042 2028 2092 2058 1³³..

1846 3131 1966 3163 Hebr.
1985 3132 2014 3168 1,
2030 3132 2064 3163 3.
