2315 3559
399 239 468 275 DE
508 238 744 275 LITTERIS
783 238 1078 275 ENCYCLICIS
1117 239 1380 276 HL’MANL'M
1422 239 1589 276 GENL'S
1700 226 1755 278 ll

211 384 493 449 collocans,
515 400 631 435 eam
655 382 983 435 sollemniter
1010 382 1298 435 declaravit
1326 400 1544 435 suorum
1573 385 1767 436 ‹exem-i-

213 489 363 533 tuum
398 481 795 547 Imperatricem
837 480 1172 546 Supremam.
1210 481 1577 533 Ferilinandus
1613 482 1675 532 ΙΙΙ
1716 482 1765 533 in

212 578 558 632 Sodalitatem
617 579 999 631 Lox‘aniensem
1058 586 1318 645 receptus,
1384 580 1511 631 baec
1569 579 1765 645 scripto

210 677 499 731 declaravit
542 696 551 730 :
591 692 611 723 (1
647 677 791 729 lllius
825 695 923 741 ego
956 685 1136 730 coetus
1177 678 1273 729 sub
1308 677 1643 730 invocatione
1678 685 1766 730 tua

213 796 238 829 ))
278 776 606 841 congregati,
659 776 1049 842 Angustissima
1100 776 1281 836 Maria,
1347 793 1432 829 me
1493 776 1662 828 libens
1718 784 1769 828 et

211 895 237 929 )>
278 877 470 930 merito
514 893 680 928 unum
721 875 994 942 profiteor.
1041 876 1155 928 Tibi
1201 893 1298 941 ego
1343 893 1447 941 me,
1489 892 1763 942 meosque,

211 993 237 1027 ))
277 975 560 1040 coniugem
606 983 657 1027 et
699 974 914 1035 liberos,
949 974 1062 1026 Tibi
1108 974 1410 1026 Romanum
1456 973 1763 1039 imperium,

210 1093 236 1126 ))
277 1075 360 1127 cui
400 1091 485 1127 me
534 1075 670 1127 Deus
709 1074 981 1141 praefecit,
1034 1073 1146 1125 Tibi
1193 1090 1356 1138 regna
1401 1090 1429 1125 a
1479 1072 1768 1125 Maioribus

211 1193 236 1226 »
277 1181 508 1241 accepta,
532 1173 645 1226 Tibi
668 1175 971 1240 tutelaeque
991 1173 1128 1226 Tuae
1151 1173 1409 1240 populum
1431 1179 1481 1224 et
1508 1171 1767 1224 exercitus

212 1292 238 1325 ))
278 1291 445 1339 meos,
475 1273 588 1326 Tibi
628 1281 827 1340 tuoque
861 1273 993 1325 Filio
1026 1272 1334 1337 militantes,
1365 1271 1663 1324 committo.
1694 1271 1767 1323 Tu

211 1391 236 1424 ))
277 1390 362 1425 me
390 1373 444 1425 in
470 1372 638 1425 Tuum
667 1373 909 1438 admitte,
940 1371 1032 1439 qui
1074 1371 1205 1424 Filio
1232 1371 1359 1437 Tuo,
1391 1370 1483 1437 qui
1509 1370 1642 1436 Tibi,
1674 1371 1767 1437 qui

211 1491 237 1523 »
278 1472 559 1538 utriusque
587 1471 778 1524 honori
808 1471 948 1537 vivo,
980 1488 1164 1535 regnO,
1194 1487 1393 1537 pugno.
1425 1470 1564 1522 Tuus
1603 1469 1768 1535 igitur

210 1590 236 1623 ))
278 1588 368 1624 ero
400 1571 581 1636 Maria,
615 1570 709 1623 Tui
743 1578 897 1623 erunt
929 1570 1257 1637 quicumque
1302 1569 1427 1634 mei,
1467 1569 1574 1621 Tua
1613 1576 1768 1621 erunt

211 1688 237 1721 ))
278 1670 514 1723 (liciones
542 1677 591 1723 et
627 1687 790 1735 regna
817 1686 935 1722 mea
963 1677 1013 1722 et
1041 1668 1354 1735 Imperium,
1383 1667 1477 1720 Tui
1506 1667 1688 1734 populi
1717 1674 1768 1719 et

211 1787 236 1820 ))
277 1768 553 1821 exercitus.
591 1768 664 1820 Tu
704 1785 792 1821 eos
834 1775 1073 1835 protege,
1109 1775 1165 1820 tu
1204 1767 1268 1819 iis
1300 1767 1469 1832 vince,
1499 1767 1572 1818 Tu
1606 1766 1659 1818 in
1701 1766 1766 1818 iis

209 1886 235 1919 ))
275 1885 440 1933 regna
461 1876 511 1921 et
537 1867 761 1934 impera.
787 1867 863 1920 Ita
887 1884 1053 1920 voveo
1080 1867 1218 1919 Tuus
1245 1866 1441 1933 pietate
1464 1874 1514 1919 et
1540 1865 1761 1918 iustitia.

209 1984 235 2017 ))
275 1965 511 2020 MDCXL.
544 1965 911 2019 Ferdinanslus
953 1984 997 2018 )).

277 2064 563 2117 Innumera
590 2065 830 2117 virorum
858 2063 1317 2117 nobilissimorum
1345 2064 1585 2129 exempla
1606 2062 1765 2115 huius

208 2163 419 2229 generis
459 2181 623 2229 regna
659 2163 857 2217 Galliae
896 2171 946 2217 et
985 2162 1272 2230 Hispaniae
1321 2162 1594 2229 praebent..
1629 2162 1767 2215 Hen-

209 2262 349 2315 ricus
378 2262 675 2315 Borbonius
702 2280 748 2315 a.
779 2261 904 2316 ‘1621
935 2262 988 2315 in
1010 2261 1299 2316 Sodalitate
1329 2260 1613 2314 parisiensi
1641 2260 1767 2314 Bea-

211 2368 296 2414 tae
339 2361 572 2427 Virginis
616 2362 781 2415 cultui
827 2379 880 2415 se
926 2362 1210 2415 dedicavit.
1259 2360 1419 2415 Cuius
1463 2361 1764 2427 exemplum

210 2468 420 2513 secutus
464 2461 724 2514 Antonius
763 2460 1060 2514 Borbonius
1099 2461 1274 2514 eidem
1314 2459 1578 2513 Sodalicio
1617 2477 1768 2526 prae-

213 2559 380 2612 fectus
415 2567 510 2612 est.
543 2560 654 2613 Duo
690 2560 778 2613 alii
814 2578 873 2613 ex
912 2560 1076 2628 stirpe
1103 2560 1250 2625 regia
1278 2560 1564 2627 principeS,
1596 2559 1769 2612 Ludo-

216 2657 363 2711 vicus
386 2665 437 2710 et
450 2658 771 2725 Armandus‚
789 2659 1047 2726 Deiparae
1063 2659 1269 2712 sodales
1285 2666 1504 2725 propter
1518 2657 1767 2711 eximiam

212 2756 467 2823 pietatem
503 2757 947 2824 suspiciebantur.
979 2757 1217 2820 Quorum
1246 2758 1547 2823 exemplum
1570 2756 1770 2810 duode-

211 2854 316 2907 cim
338 2855 620 2908 clarissimi
644 2856 910 2923 principes
929 2857 1123 2909 imitati
1147 2856 1464 2909 sunt.Taceo
1486 2864 1562 2909 tot·
1580 2856 1769 2908 arden-

215 2960 293 3005 tes
315 2952 620 3005 animorum
649 2953 826 3007 studio
854 2971 1141 3021 praecones
1164 2953 1517 3019 evangelicos,
1536 2969 1767 3019 quorum

214 3050 432 3103 nomina
456 3051 594 3104 inter
615 3049 831 3105 Sodales
859 3052 1181 3105 parisienses
1209 3053 1373 3105 relata
1401 3050 1763 3113 inveniuntur3

212 3155 362 3202 taceo
401 3149 533 3202 alios
571 3167 734 3216 quam
773 3150 1052 3217 plurimos,
1090 3150 1376 3218 principes
1407 3151 1585 3215 duces,
1616 3147 1765 3213 regni

1934 2065 2015 2108 viri

1837 2120 2112 2173 nobilissimi,
