<?xml version="1.0" encoding="UTF-8"?>
<!DOCTYPE html PUBLIC "-//W3C//DTD XHTML 1.0 Transitional//EN"
    "http://www.w3.org/TR/xhtml1/DTD/xhtml1-transitional.dtd">
<html xmlns="http://www.w3.org/1999/xhtml" xml:lang="en" lang="en">
 <head>
  <title>
</title>
<meta http-equiv="Content-Type" content="text/html;charset=utf-8" />
  <meta name='ocr-system' content='tesseract 3.04.00' />
  <meta name='ocr-capabilities' content='ocr_page ocr_carea ocr_par ocr_line ocrx_word'/>
</head>
<body>
  <div class='ocr_page' id='page_1' title='image "./epistolaepraepos04jesu_0162.png"; bbox 0 0 2315 3559; ppageno 0'>
   <div class='ocr_carea' id='block_1_1' title="bbox 245 1398 522 1499">
    <p class='ocr_par' dir='ltr' id='par_1_1' title="bbox 245 1398 522 1499">
     <span class='ocr_line' id='line_1_1' title="bbox 245 1398 522 1461; baseline 0 -19"><span class='ocrx_word' id='word_1_1' title='bbox 245 1398 522 1461; x_wconf 81' lang='lat' dir='ltr'>perfectione</span> 
     </span>
     <span class='ocr_line' id='line_1_2' title="bbox 273 1467 489 1499; baseline -0.009 0"><span class='ocrx_word' id='word_1_2' title='bbox 273 1467 489 1499; x_wconf 85' lang='lat' dir='ltr'>emmens.</span> 
     </span>
    </p>
   </div>
   <div class='ocr_carea' id='block_1_2' title="bbox 594 254 2003 319">
    <p class='ocr_par' dir='ltr' id='par_1_2' title="bbox 594 254 2003 319">
     <span class='ocr_line' id='line_1_3' title="bbox 594 254 2003 319; baseline 0.007 -10"><span class='ocrx_word' id='word_1_3' title='bbox 594 254 697 310; x_wconf 86' lang='lat'>150</span> <span class='ocrx_word' id='word_1_4' title='bbox 778 272 1030 312; x_wconf 77' lang='lat' dir='ltr'>EPISTOLA</span> <span class='ocrx_word' id='word_1_5' title='bbox 1068 274 1116 313; x_wconf 82' lang='lat' dir='ltr'>R.</span> <span class='ocrx_word' id='word_1_6' title='bbox 1161 275 1207 313; x_wconf 88' lang='lat' dir='ltr'>P.</span> <span class='ocrx_word' id='word_1_7' title='bbox 1250 277 1302 315; x_wconf 84' lang='lat' dir='ltr'>N.</span> <span class='ocrx_word' id='word_1_8' title='bbox 1344 277 1463 316; x_wconf 83' lang='lat' dir='ltr'>ANT.</span> <span class='ocrx_word' id='word_1_9' title='bbox 1515 279 1640 318; x_wconf 84' lang='lat' dir='ltr'><strong>MAR.</strong></span> <span class='ocrx_word' id='word_1_10' title='bbox 1693 279 2003 319; x_wconf 80' lang='lat' dir='ltr'><strong>ANDERLEDY</strong></span> 
     </span>
    </p>
   </div>
   <div class='ocr_carea' id='block_1_3' title="bbox 591 417 2162 3182">
    <p class='ocr_par' dir='ltr' id='par_1_3' title="bbox 593 417 2160 1087">
     <span class='ocr_line' id='line_1_4' title="bbox 595 417 2160 494; baseline 0.007 -24"><span class='ocrx_word' id='word_1_11' title='bbox 595 433 764 485; x_wconf 92' lang='lat' dir='ltr'>mum,</span> <span class='ocrx_word' id='word_1_12' title='bbox 806 417 916 473; x_wconf 89' lang='lat' dir='ltr'>vita</span> <span class='ocrx_word' id='word_1_13' title='bbox 954 427 1135 474; x_wconf 90' lang='lat' dir='ltr'>nostra</span> <span class='ocrx_word' id='word_1_14' title='bbox 1174 422 1409 487; x_wconf 82' lang='lat' dir='ltr'>regenda</span> <span class='ocrx_word' id='word_1_15' title='bbox 1446 431 1542 477; x_wconf 91' lang='lat' dir='ltr'>est.</span> <span class='ocrx_word' id='word_1_16' title='bbox 1587 424 1716 479; x_wconf 91' lang='lat' dir='ltr'>Fide</span> <span class='ocrx_word' id='word_1_17' title='bbox 1744 442 1868 479; x_wconf 84' lang='lat' dir='ltr'>vero</span> <span class='ocrx_word' id='word_1_18' title='bbox 1896 425 2160 494; x_wconf 82' lang='lat' dir='ltr'>intellegi-</span> 
     </span>
     <span class='ocr_line' id='line_1_5' title="bbox 594 516 2160 583; baseline 0.008 -15"><span class='ocrx_word' id='word_1_19' title='bbox 594 532 733 583; x_wconf 90' lang='lat' dir='ltr'>mus,</span> <span class='ocrx_word' id='word_1_20' title='bbox 783 516 1031 572; x_wconf 80' lang='lat' dir='ltr'>Fratrum</span> <span class='ocrx_word' id='word_1_21' title='bbox 1076 519 1355 574; x_wconf 89' lang='lat' dir='ltr'>caritatem</span> <span class='ocrx_word' id='word_1_22' title='bbox 1383 539 1412 575; x_wconf 91' lang='lat' dir='ltr'>a</span> <span class='ocrx_word' id='word_1_23' title='bbox 1439 522 1661 578; x_wconf 89' lang='lat' dir='ltr'>caritate</span> <span class='ocrx_word' id='word_1_24' title='bbox 1705 523 1798 578; x_wconf 94' lang='lat' dir='ltr'>Dei</span> <span class='ocrx_word' id='word_1_25' title='bbox 1842 531 2022 578; x_wconf 90' lang='lat' dir='ltr'>ortum</span> <span class='ocrx_word' id='word_1_26' title='bbox 2067 526 2160 580; x_wconf 89' lang='lat' dir='ltr'>ha-</span> 
     </span>
     <span class='ocr_line' id='line_1_6' title="bbox 593 614 2154 693; baseline 0.006 -24"><span class='ocrx_word' id='word_1_27' title='bbox 593 614 737 683; x_wconf 88' lang='lat' dir='ltr'>bere,</span> <span class='ocrx_word' id='word_1_28' title='bbox 779 623 942 685; x_wconf 86' lang='lat' dir='ltr'>atque</span> <span class='ocrx_word' id='word_1_29' title='bbox 980 619 1044 672; x_wconf 89' lang='lat' dir='ltr'>ad</span> <span class='ocrx_word' id='word_1_30' title='bbox 1085 636 1204 672; x_wconf 93' lang='lat' dir='ltr'>eam</span> <span class='ocrx_word' id='word_1_31' title='bbox 1244 619 1316 673; x_wconf 92' lang='lat' dir='ltr'>ita</span> <span class='ocrx_word' id='word_1_32' title='bbox 1354 621 1694 677; x_wconf 78' lang='lat' dir='ltr'>referendam</span> <span class='ocrx_word' id='word_1_33' title='bbox 1734 640 1867 690; x_wconf 89' lang='lat' dir='ltr'>esse,</span> <span class='ocrx_word' id='word_1_34' title='bbox 1898 631 1957 677; x_wconf 92' lang='lat' dir='ltr'>ut</span> <span class='ocrx_word' id='word_1_35' title='bbox 1983 641 2154 693; x_wconf 89' lang='lat' dir='ltr'>amor,</span> 
     </span>
     <span class='ocr_line' id='line_1_7' title="bbox 594 716 2158 791; baseline 0.006 -23"><span class='ocrx_word' id='word_1_36' title='bbox 594 732 757 782; x_wconf 92' lang='lat' dir='ltr'>quem</span> <span class='ocrx_word' id='word_1_37' title='bbox 787 716 1062 771; x_wconf 80' lang='lat' dir='ltr'>Fratribus</span> <span class='ocrx_word' id='word_1_38' title='bbox 1090 718 1422 787; x_wconf 83' lang='lat' dir='ltr'>exhibemus,</span> <span class='ocrx_word' id='word_1_39' title='bbox 1465 720 1571 775; x_wconf 92' lang='lat' dir='ltr'>Deo</span> <span class='ocrx_word' id='word_1_40' title='bbox 1610 722 1788 790; x_wconf 89' lang='lat' dir='ltr'>potius</span> <span class='ocrx_word' id='word_1_41' title='bbox 1816 722 2158 791; x_wconf 78' lang='lat' dir='ltr'>impertiatur</span> 
     </span>
     <span class='ocr_line' id='line_1_8' title="bbox 595 815 2160 891; baseline 0.006 -24"><span class='ocrx_word' id='word_1_42' title='bbox 595 831 759 882; x_wconf 91' lang='lat' dir='ltr'>quam</span> <span class='ocrx_word' id='word_1_43' title='bbox 815 815 1147 871; x_wconf 70' lang='lat' dir='ltr'>hominibus</span> <span class='ocrx_word' id='word_1_44' title='bbox 1200 818 1313 881; x_wconf 83' lang='lat' dir='ltr'>Quo</span> <span class='ocrx_word' id='word_1_45' title='bbox 1362 819 1441 887; x_wconf 88' lang='lat' dir='ltr'>fit,</span> <span class='ocrx_word' id='word_1_46' title='bbox 1490 828 1551 873; x_wconf 91' lang='lat' dir='ltr'>ut</span> <span class='ocrx_word' id='word_1_47' title='bbox 1597 838 1840 876; x_wconf 90' lang='lat' dir='ltr'>amorem</span> <span class='ocrx_word' id='word_1_48' title='bbox 1895 829 2160 891; x_wconf 89' lang='lat' dir='ltr'>temperet</span> 
     </span>
     <span class='ocr_line' id='line_1_9' title="bbox 597 915 2157 990; baseline 0.005 -22"><span class='ocrx_word' id='word_1_49' title='bbox 597 915 915 983; x_wconf 86' lang='lat' dir='ltr'>reverentia,</span> <span class='ocrx_word' id='word_1_50' title='bbox 968 923 1021 970; x_wconf 93' lang='lat' dir='ltr'>et</span> <span class='ocrx_word' id='word_1_51' title='bbox 1067 924 1126 970; x_wconf 89' lang='lat' dir='ltr'>ut</span> <span class='ocrx_word' id='word_1_52' title='bbox 1174 917 1227 972; x_wconf 94' lang='lat' dir='ltr'>id</span> <span class='ocrx_word' id='word_1_53' title='bbox 1278 936 1649 988; x_wconf 80' lang='lat' dir='ltr'>assequamur,</span> <span class='ocrx_word' id='word_1_54' title='bbox 1699 922 1845 989; x_wconf 93' lang='lat' dir='ltr'>quod</span> <span class='ocrx_word' id='word_1_55' title='bbox 1895 921 2157 990; x_wconf 92' lang='lat' dir='ltr'>scriptum</span> 
     </span>
     <span class='ocr_line' id='line_1_10' title="bbox 596 1013 1885 1087; baseline 0.005 -20"><span class='ocrx_word' id='word_1_56' title='bbox 596 1013 818 1082; x_wconf 90' lang='lat' dir='ltr'>reliquit</span> <span class='ocrx_word' id='word_1_57' title='bbox 855 1013 905 1068; x_wconf 82' lang='lat' dir='ltr'>S.</span> <span class='ocrx_word' id='word_1_58' title='bbox 949 1015 1173 1070; x_wconf 89' lang='lat' dir='ltr'>Ioannes</span> <span class='ocrx_word' id='word_1_59' title='bbox 1205 1034 1215 1070; x_wconf 75' lang='grc' dir='ltr'>ε</span> <span class='ocrx_word' id='word_1_60' title='bbox 1256 1018 1417 1072; x_wconf 70' lang='lat' dir='ltr'>Nulli</span> <span class='ocrx_word' id='word_1_61' title='bbox 1452 1036 1538 1073; x_wconf 76' lang='lat' dir='ltr'>ero</span> <span class='ocrx_word' id='word_1_62' title='bbox 1576 1020 1885 1087; x_wconf 73' lang='lat' dir='ltr'>familiaris</span> 
     </span>
    </p>

    <p class='ocr_par' dir='ltr' id='par_1_4' title="bbox 593 1113 2161 1370">
     <span class='ocr_line' id='line_1_11' title="bbox 665 1113 2161 1188; baseline 0.005 -21"><span class='ocrx_word' id='word_1_63' title='bbox 665 1113 969 1168; x_wconf 90' lang='lat' dir='ltr'>Mirandum</span> <span class='ocrx_word' id='word_1_64' title='bbox 1019 1132 1145 1170; x_wconf 89' lang='lat' dir='ltr'>sane</span> <span class='ocrx_word' id='word_1_65' title='bbox 1195 1116 1249 1170; x_wconf 89' lang='lat' dir='ltr'>in</span> <span class='ocrx_word' id='word_1_66' title='bbox 1299 1125 1478 1172; x_wconf 91' lang='lat' dir='ltr'>motus</span> <span class='ocrx_word' id='word_1_67' title='bbox 1527 1118 1694 1172; x_wconf 91' lang='lat' dir='ltr'>animi</span> <span class='ocrx_word' id='word_1_68' title='bbox 1745 1118 2055 1188; x_wconf 90' lang='lat' dir='ltr'>imperium,</span> <span class='ocrx_word' id='word_1_69' title='bbox 2109 1128 2161 1175; x_wconf 94' lang='lat' dir='ltr'>et</span> 
     </span>
     <span class='ocr_line' id='line_1_12' title="bbox 593 1212 2161 1287; baseline 0.004 -21"><span class='ocrx_word' id='word_1_70' title='bbox 593 1212 817 1280; x_wconf 92' lang='lat' dir='ltr'>quidem</span> <span class='ocrx_word' id='word_1_71' title='bbox 856 1231 916 1268; x_wconf 93' lang='lat' dir='ltr'>ea</span> <span class='ocrx_word' id='word_1_72' title='bbox 955 1221 1145 1282; x_wconf 87' lang='lat' dir='ltr'>aetate,</span> <span class='ocrx_word' id='word_1_73' title='bbox 1196 1233 1335 1283; x_wconf 86' lang='lat' dir='ltr'>quae</span> <span class='ocrx_word' id='word_1_74' title='bbox 1375 1224 1431 1270; x_wconf 91' lang='lat' dir='ltr'>ut</span> <span class='ocrx_word' id='word_1_75' title='bbox 1468 1216 1673 1271; x_wconf 88' lang='lat' dir='ltr'>viribus</span> <span class='ocrx_word' id='word_1_76' title='bbox 1712 1218 1885 1285; x_wconf 85' lang='lat' dir='ltr'>floret,</span> <span class='ocrx_word' id='word_1_77' title='bbox 1928 1219 2001 1272; x_wconf 92' lang='lat' dir='ltr'>ita</span> <span class='ocrx_word' id='word_1_78' title='bbox 2039 1236 2161 1287; x_wconf 88' lang='lat' dir='ltr'>pro—</span> 
     </span>
     <span class='ocr_line' id='line_1_13' title="bbox 593 1312 1551 1370; baseline 0.004 -5"><span class='ocrx_word' id='word_1_79' title='bbox 593 1313 677 1365; x_wconf 91' lang='lat' dir='ltr'>cul</span> <span class='ocrx_word' id='word_1_80' title='bbox 714 1312 865 1366; x_wconf 88' lang='lat' dir='ltr'>abest</span> <span class='ocrx_word' id='word_1_81' title='bbox 902 1331 931 1367; x_wconf 91' lang='lat' dir='ltr'>a</span> <span class='ocrx_word' id='word_1_82' title='bbox 970 1314 1282 1369; x_wconf 90' lang='lat' dir='ltr'>maturitate</span> <span class='ocrx_word' id='word_1_83' title='bbox 1320 1315 1551 1370; x_wconf 89' lang='lat' dir='ltr'>consilii.</span> 
     </span>
    </p>

    <p class='ocr_par' dir='ltr' id='par_1_5' title="bbox 591 1410 2162 1780">
     <span class='ocr_line' id='line_1_14' title="bbox 660 1410 2157 1484; baseline 0.003 -18"><span class='ocrx_word' id='word_1_84' title='bbox 660 1410 744 1466; x_wconf 67' lang='lat'>12.</span> <span class='ocrx_word' id='word_1_85' title='bbox 787 1411 889 1467; x_wconf 83' lang='lat' dir='ltr'>Sed</span> <span class='ocrx_word' id='word_1_86' title='bbox 929 1413 1059 1481; x_wconf 90' lang='lat' dir='ltr'>quid</span> <span class='ocrx_word' id='word_1_87' title='bbox 1100 1431 1207 1468; x_wconf 91' lang='lat' dir='ltr'>non</span> <span class='ocrx_word' id='word_1_88' title='bbox 1247 1423 1327 1469; x_wconf 91' lang='lat' dir='ltr'>est</span> <span class='ocrx_word' id='word_1_89' title='bbox 1375 1414 1686 1469; x_wconf 90' lang='lat' dir='ltr'>mirandum</span> <span class='ocrx_word' id='word_1_90' title='bbox 1726 1415 1781 1469; x_wconf 89' lang='lat' dir='ltr'>in</span> <span class='ocrx_word' id='word_1_91' title='bbox 1820 1416 2031 1484; x_wconf 85' lang='lat' dir='ltr'>iuvene,</span> <span class='ocrx_word' id='word_1_92' title='bbox 2072 1416 2157 1471; x_wconf 89' lang='lat' dir='ltr'>cui</span> 
     </span>
     <span class='ocr_line' id='line_1_15' title="bbox 591 1512 2162 1583; baseline 0.003 -19"><span class='ocrx_word' id='word_1_93' title='bbox 591 1512 736 1566; x_wconf 88' lang='lat' dir='ltr'>nulla</span> <span class='ocrx_word' id='word_1_94' title='bbox 773 1530 1035 1580; x_wconf 89' lang='lat' dir='ltr'>umquam</span> <span class='ocrx_word' id='word_1_95' title='bbox 1082 1513 1252 1567; x_wconf 86' lang='lat' dir='ltr'>virtus</span> <span class='ocrx_word' id='word_1_96' title='bbox 1291 1513 1480 1581; x_wconf 86' lang='lat' dir='ltr'>defuit,</span> <span class='ocrx_word' id='word_1_97' title='bbox 1522 1514 1783 1583; x_wconf 88' lang='lat' dir='ltr'>cuiusque</span> <span class='ocrx_word' id='word_1_98' title='bbox 1809 1516 2016 1569; x_wconf 89' lang='lat' dir='ltr'>nullum</span> <span class='ocrx_word' id='word_1_99' title='bbox 2043 1533 2162 1570; x_wconf 93' lang='lat' dir='ltr'>um-</span> 
     </span>
     <span class='ocr_line' id='line_1_16' title="bbox 591 1610 2159 1682; baseline 0.003 -18"><span class='ocrx_word' id='word_1_100' title='bbox 591 1628 756 1679; x_wconf 86' lang='lat' dir='ltr'>quam</span> <span class='ocrx_word' id='word_1_101' title='bbox 798 1610 989 1665; x_wconf 81' lang='lat' dir='ltr'>vitium</span> <span class='ocrx_word' id='word_1_102' title='bbox 1027 1612 1305 1679; x_wconf 79' lang='lat' dir='ltr'>cognitum</span> <span class='ocrx_word' id='word_1_103' title='bbox 1344 1620 1424 1667; x_wconf 89' lang='lat' dir='ltr'>est</span> <span class='ocrx_word' id='word_1_104' title='bbox 1450 1613 1612 1667; x_wconf 91' lang='lat' dir='ltr'>etiam</span> <span class='ocrx_word' id='word_1_105' title='bbox 1647 1613 1714 1668; x_wconf 88' lang='lat' dir='ltr'>ab</span> <span class='ocrx_word' id='word_1_106' title='bbox 1741 1613 1824 1681; x_wconf 80' lang='lat' dir='ltr'>iis,</span> <span class='ocrx_word' id='word_1_107' title='bbox 1856 1614 1949 1682; x_wconf 90' lang='lat' dir='ltr'>qui</span> <span class='ocrx_word' id='word_1_108' title='bbox 1984 1615 2159 1670; x_wconf 91' lang='lat' dir='ltr'>acrius</span> 
     </span>
     <span class='ocr_line' id='line_1_17' title="bbox 591 1710 1639 1780; baseline 0.002 -15"><span class='ocrx_word' id='word_1_109' title='bbox 591 1717 643 1765; x_wconf 93' lang='lat' dir='ltr'>et</span> <span class='ocrx_word' id='word_1_110' title='bbox 680 1710 888 1766; x_wconf 91' lang='lat' dir='ltr'>acutius</span> <span class='ocrx_word' id='word_1_111' title='bbox 928 1720 1104 1766; x_wconf 88' lang='lat' dir='ltr'>errata</span> <span class='ocrx_word' id='word_1_112' title='bbox 1142 1713 1392 1780; x_wconf 83' lang='lat' dir='ltr'>detegere</span> <span class='ocrx_word' id='word_1_113' title='bbox 1430 1715 1639 1768; x_wconf 71' lang='lat' dir='ltr'>solent?</span> 
     </span>
    </p>

    <p class='ocr_par' dir='ltr' id='par_1_6' title="bbox 592 1811 2159 3182">
     <span class='ocr_line' id='line_1_18' title="bbox 660 1811 2158 1882; baseline 0.003 -16"><span class='ocrx_word' id='word_1_114' title='bbox 660 1811 759 1876; x_wconf 85' lang='lat' dir='ltr'>Qui</span> <span class='ocrx_word' id='word_1_115' title='bbox 799 1811 1033 1880; x_wconf 88' lang='lat' dir='ltr'>praefuit</span> <span class='ocrx_word' id='word_1_116' title='bbox 1081 1812 1398 1882; x_wconf 90' lang='lat' dir='ltr'>disciplinae</span> <span class='ocrx_word' id='word_1_117' title='bbox 1443 1814 1771 1870; x_wconf 79' lang='lat' dir='ltr'>domesticae</span> <span class='ocrx_word' id='word_1_118' title='bbox 1816 1815 1871 1869; x_wconf 92' lang='lat' dir='ltr'>in</span> <span class='ocrx_word' id='word_1_119' title='bbox 1916 1816 2158 1870; x_wconf 85' lang='lat' dir='ltr'>Romano</span> 
     </span>
     <span class='ocr_line' id='line_1_19' title="bbox 592 1912 2159 1984; baseline 0.001 -16"><span class='ocrx_word' id='word_1_120' title='bbox 592 1912 827 1980; x_wconf 83' lang='lat' dir='ltr'>Collegio</span> <span class='ocrx_word' id='word_1_121' title='bbox 877 1914 943 1968; x_wconf 93' lang='lat' dir='ltr'>de</span> <span class='ocrx_word' id='word_1_122' title='bbox 980 1912 1031 1968; x_wconf 87' lang='lat' dir='ltr'>S.</span> <span class='ocrx_word' id='word_1_123' title='bbox 1085 1914 1284 1968; x_wconf 86' lang='lat' dir='ltr'>Ioanne</span> <span class='ocrx_word' id='word_1_124' title='bbox 1332 1914 1565 1983; x_wconf 78' lang='lat' dir='ltr'>scripsit,</span> <span class='ocrx_word' id='word_1_125' title='bbox 1618 1916 1764 1969; x_wconf 82' lang='lat' dir='ltr'>nullo</span> <span class='ocrx_word' id='word_1_126' title='bbox 1818 1923 2058 1984; x_wconf 84' lang='lat' dir='ltr'>tempore</span> <span class='ocrx_word' id='word_1_127' title='bbox 2103 1934 2159 1971; x_wconf 91' lang='lat' dir='ltr'>se</span> 
     </span>
     <span class='ocr_line' id='line_1_20' title="bbox 592 2012 2157 2083; baseline 0.002 -16"><span class='ocrx_word' id='word_1_128' title='bbox 592 2012 886 2082; x_wconf 90' lang='lat' dir='ltr'>quicquam</span> <span class='ocrx_word' id='word_1_129' title='bbox 914 2013 969 2068; x_wconf 91' lang='lat' dir='ltr'>in</span> <span class='ocrx_word' id='word_1_130' title='bbox 996 2031 1058 2069; x_wconf 96' lang='lat' dir='ltr'>eo</span> <span class='ocrx_word' id='word_1_131' title='bbox 1098 2016 1180 2069; x_wconf 85' lang='lat' dir='ltr'>vel</span> <span class='ocrx_word' id='word_1_132' title='bbox 1208 2014 1425 2083; x_wconf 89' lang='lat' dir='ltr'>vidisse,</span> <span class='ocrx_word' id='word_1_133' title='bbox 1459 2016 1539 2069; x_wconf 86' lang='lat' dir='ltr'>vel</span> <span class='ocrx_word' id='word_1_134' title='bbox 1568 2016 1633 2070; x_wconf 93' lang='lat' dir='ltr'>de</span> <span class='ocrx_word' id='word_1_135' title='bbox 1679 2032 1741 2070; x_wconf 93' lang='lat' dir='ltr'>eo</span> <span class='ocrx_word' id='word_1_136' title='bbox 1780 2015 2052 2070; x_wconf 87' lang='lat' dir='ltr'>audivisse</span> <span class='ocrx_word' id='word_1_137' title='bbox 2091 2016 2157 2070; x_wconf 83' lang='lat' dir='ltr'>ab</span> 
     </span>
     <span class='ocr_line' id='line_1_21' title="bbox 592 2113 2156 2185; baseline 0.001 -17"><span class='ocrx_word' id='word_1_138' title='bbox 592 2113 730 2183; x_wconf 81' lang='lat' dir='ltr'>aliis,</span> <span class='ocrx_word' id='word_1_139' title='bbox 761 2115 906 2184; x_wconf 91' lang='lat' dir='ltr'>quod</span> <span class='ocrx_word' id='word_1_140' title='bbox 936 2114 1115 2169; x_wconf 90' lang='lat' dir='ltr'>minus</span> <span class='ocrx_word' id='word_1_141' title='bbox 1141 2116 1438 2185; x_wconf 88' lang='lat' dir='ltr'>perfectum</span> <span class='ocrx_word' id='word_1_142' title='bbox 1468 2123 1634 2182; x_wconf 89' lang='lat' dir='ltr'>esset;</span> <span class='ocrx_word' id='word_1_143' title='bbox 1675 2123 1862 2171; x_wconf 90' lang='lat' dir='ltr'>contra</span> <span class='ocrx_word' id='word_1_144' title='bbox 1897 2116 2156 2184; x_wconf 92' lang='lat' dir='ltr'>quicquid</span> 
     </span>
     <span class='ocr_line' id='line_1_22' title="bbox 593 2214 2159 2284; baseline 0.001 -15"><span class='ocrx_word' id='word_1_145' title='bbox 593 2214 807 2283; x_wconf 83' lang='lat' dir='ltr'>egisset,</span> <span class='ocrx_word' id='word_1_146' title='bbox 861 2214 1119 2283; x_wconf 88' lang='lat' dir='ltr'>pietatem</span> <span class='ocrx_word' id='word_1_147' title='bbox 1164 2215 1395 2284; x_wconf 90' lang='lat' dir='ltr'>spirasse</span> <span class='ocrx_word' id='word_1_148' title='bbox 1447 2215 1863 2284; x_wconf 86' lang='lat' dir='ltr'>mirabilemque</span> <span class='ocrx_word' id='word_1_149' title='bbox 1909 2216 2159 2271; x_wconf 90' lang='lat' dir='ltr'>sanctita-</span> 
     </span>
     <span class='ocr_line' id='line_1_23' title="bbox 593 2314 2159 2383; baseline 0.001 -13"><span class='ocrx_word' id='word_1_150' title='bbox 593 2322 720 2370; x_wconf 93' lang='lat' dir='ltr'>tem.</span> <span class='ocrx_word' id='word_1_151' title='bbox 753 2314 903 2379; x_wconf 86' lang='lat' dir='ltr'>Quod</span> <span class='ocrx_word' id='word_1_152' title='bbox 944 2314 1089 2370; x_wconf 92' lang='lat' dir='ltr'>idem</span> <span class='ocrx_word' id='word_1_153' title='bbox 1145 2315 1237 2370; x_wconf 90' lang='lat' dir='ltr'>alii</span> <span class='ocrx_word' id='word_1_154' title='bbox 1276 2315 1598 2370; x_wconf 82' lang='lat' dir='ltr'>sacramenti</span> <span class='ocrx_word' id='word_1_155' title='bbox 1655 2315 1918 2383; x_wconf 81' lang='lat' dir='ltr'>religione</span> <span class='ocrx_word' id='word_1_156' title='bbox 1964 2316 2159 2371; x_wconf 88' lang='lat' dir='ltr'>confir-</span> 
     </span>
     <span class='ocr_line' id='line_1_24' title="bbox 594 2414 2158 2482; baseline 0.001 -13"><span class='ocrx_word' id='word_1_157' title='bbox 594 2421 829 2469; x_wconf 88' lang='lat' dir='ltr'>marunt.</span> <span class='ocrx_word' id='word_1_158' title='bbox 897 2414 952 2469; x_wconf 81' lang='lat' dir='ltr'>P.</span> <span class='ocrx_word' id='word_1_159' title='bbox 1013 2414 1244 2469; x_wconf 91' lang='lat' dir='ltr'>Thomas</span> <span class='ocrx_word' id='word_1_160' title='bbox 1294 2414 1612 2482; x_wconf 90' lang='lat' dir='ltr'>Bisdomini,</span> <span class='ocrx_word' id='word_1_161' title='bbox 1674 2414 1754 2468; x_wconf 81' lang='lat' dir='ltr'>vir</span> <span class='ocrx_word' id='word_1_162' title='bbox 1798 2415 1978 2481; x_wconf 80' lang='lat' dir='ltr'>gravis</span> <span class='ocrx_word' id='word_1_163' title='bbox 2034 2416 2158 2470; x_wconf 92' lang='lat' dir='ltr'>doc-</span> 
     </span>
     <span class='ocr_line' id='line_1_25' title="bbox 593 2514 2157 2583; baseline 0 -14"><span class='ocrx_word' id='word_1_164' title='bbox 593 2522 790 2583; x_wconf 90' lang='lat' dir='ltr'>tusque</span> <span class='ocrx_word' id='word_1_165' title='bbox 828 2514 1011 2570; x_wconf 86' lang='lat' dir='ltr'>dedita</span> <span class='ocrx_word' id='word_1_166' title='bbox 1048 2532 1212 2583; x_wconf 89' lang='lat' dir='ltr'>opera</span> <span class='ocrx_word' id='word_1_167' title='bbox 1249 2514 1576 2583; x_wconf 81' lang='lat' dir='ltr'>explorabat,</span> <span class='ocrx_word' id='word_1_168' title='bbox 1607 2532 1674 2569; x_wconf 94' lang='lat' dir='ltr'>an</span> <span class='ocrx_word' id='word_1_169' title='bbox 1700 2522 1888 2569; x_wconf 91' lang='lat' dir='ltr'>notare</span> <span class='ocrx_word' id='word_1_170' title='bbox 1926 2532 2157 2570; x_wconf 88' lang='lat' dir='ltr'>naevum</span> 
     </span>
     <span class='ocr_line' id='line_1_26' title="bbox 593 2613 2157 2683; baseline 0 -14"><span class='ocrx_word' id='word_1_171' title='bbox 593 2615 649 2669; x_wconf 90' lang='lat' dir='ltr'>in</span> <span class='ocrx_word' id='word_1_172' title='bbox 676 2631 738 2669; x_wconf 92' lang='lat' dir='ltr'>eo</span> <span class='ocrx_word' id='word_1_173' title='bbox 778 2615 859 2669; x_wconf 87' lang='lat' dir='ltr'>vel</span> <span class='ocrx_word' id='word_1_174' title='bbox 899 2614 1188 2669; x_wconf 90' lang='lat' dir='ltr'>minimum</span> <span class='ocrx_word' id='word_1_175' title='bbox 1226 2622 1424 2683; x_wconf 88' lang='lat' dir='ltr'>posset.</span> <span class='ocrx_word' id='word_1_176' title='bbox 1466 2613 1664 2669; x_wconf 89' lang='lat' dir='ltr'>Verum</span> <span class='ocrx_word' id='word_1_177' title='bbox 1703 2614 1838 2668; x_wconf 89' lang='lat' dir='ltr'>nihil</span> <span class='ocrx_word' id='word_1_178' title='bbox 1877 2614 2052 2669; x_wconf 87' lang='lat' dir='ltr'>visum</span> <span class='ocrx_word' id='word_1_179' title='bbox 2091 2614 2157 2669; x_wconf 91' lang='lat' dir='ltr'>ab</span> 
     </span>
     <span class='ocr_line' id='line_1_27' title="bbox 595 2714 2157 2783; baseline 0 -15"><span class='ocrx_word' id='word_1_180' title='bbox 595 2731 658 2769; x_wconf 94' lang='lat' dir='ltr'>eo</span> <span class='ocrx_word' id='word_1_181' title='bbox 695 2731 958 2783; x_wconf 91' lang='lat' dir='ltr'>umquam</span> <span class='ocrx_word' id='word_1_182' title='bbox 997 2714 1117 2782; x_wconf 84' lang='lat' dir='ltr'>fuit,</span> <span class='ocrx_word' id='word_1_183' title='bbox 1159 2715 1306 2782; x_wconf 91' lang='lat' dir='ltr'>quod</span> <span class='ocrx_word' id='word_1_184' title='bbox 1345 2722 1766 2769; x_wconf 87' lang='lat' dir='ltr'>consentaneum</span> <span class='ocrx_word' id='word_1_185' title='bbox 1815 2714 2001 2768; x_wconf 86' lang='lat' dir='ltr'>virtuti</span> <span class='ocrx_word' id='word_1_186' title='bbox 2049 2732 2157 2769; x_wconf 91' lang='lat' dir='ltr'>non</span> 
     </span>
     <span class='ocr_line' id='line_1_28' title="bbox 594 2814 2157 2884; baseline -0.001 -14"><span class='ocrx_word' id='word_1_187' title='bbox 594 2815 749 2870; x_wconf 89' lang='lat' dir='ltr'>foret.</span> <span class='ocrx_word' id='word_1_188' title='bbox 791 2814 1013 2869; x_wconf 90' lang='lat' dir='ltr'>Tantam</span> <span class='ocrx_word' id='word_1_189' title='bbox 1062 2822 1173 2869; x_wconf 87' lang='lat' dir='ltr'>tam</span> <span class='ocrx_word' id='word_1_190' title='bbox 1221 2814 1373 2869; x_wconf 87' lang='lat' dir='ltr'>brevi</span> <span class='ocrx_word' id='word_1_191' title='bbox 1421 2822 1667 2884; x_wconf 91' lang='lat' dir='ltr'>tempore</span> <span class='ocrx_word' id='word_1_192' title='bbox 1713 2822 2028 2869; x_wconf 91' lang='lat' dir='ltr'>consecutus</span> <span class='ocrx_word' id='word_1_193' title='bbox 2078 2822 2157 2869; x_wconf 90' lang='lat' dir='ltr'>est</span> 
     </span>
     <span class='ocr_line' id='line_1_29' title="bbox 595 2915 2156 2983; baseline 0 -13"><span class='ocrx_word' id='word_1_194' title='bbox 595 2915 952 2982; x_wconf 87' lang='lat' dir='ltr'>sanctitatem,</span> <span class='ocrx_word' id='word_1_195' title='bbox 994 2922 1054 2969; x_wconf 90' lang='lat' dir='ltr'>ut</span> <span class='ocrx_word' id='word_1_196' title='bbox 1091 2915 1344 2969; x_wconf 89' lang='lat' dir='ltr'>omnibus</span> <span class='ocrx_word' id='word_1_197' title='bbox 1393 2915 1634 2970; x_wconf 90' lang='lat' dir='ltr'>numeris</span> <span class='ocrx_word' id='word_1_198' title='bbox 1683 2915 1958 2970; x_wconf 87' lang='lat' dir='ltr'>absolutus</span> <span class='ocrx_word' id='word_1_199' title='bbox 1994 2932 2156 2983; x_wconf 82' lang='lat' dir='ltr'>appa-</span> 
     </span>
     <span class='ocr_line' id='line_1_30' title="bbox 595 3013 2157 3083; baseline -0.001 -14"><span class='ocrx_word' id='word_1_200' title='bbox 595 3021 754 3069; x_wconf 88' lang='lat' dir='ltr'>reret.</span> <span class='ocrx_word' id='word_1_201' title='bbox 808 3013 1001 3077; x_wconf 85' lang='lat' dir='ltr'>Quanti</span> <span class='ocrx_word' id='word_1_202' title='bbox 1051 3014 1250 3068; x_wconf 87' lang='lat' dir='ltr'>laboris</span> <span class='ocrx_word' id='word_1_203' title='bbox 1289 3015 1388 3069; x_wconf 91' lang='lat' dir='ltr'>hoc</span> <span class='ocrx_word' id='word_1_204' title='bbox 1428 3014 1514 3082; x_wconf 91' lang='lat' dir='ltr'>sit,</span> <span class='ocrx_word' id='word_1_205' title='bbox 1557 3021 1898 3083; x_wconf 88' lang='lat' dir='ltr'>quantaeque</span> <span class='ocrx_word' id='word_1_206' title='bbox 1945 3014 2157 3068; x_wconf 90' lang='lat' dir='ltr'>fortitu-</span> 
     </span>
     <span class='ocr_line' id='line_1_31' title="bbox 596 3111 2155 3182; baseline -0.002 -13"><span class='ocrx_word' id='word_1_207' title='bbox 596 3113 737 3169; x_wconf 90' lang='lat' dir='ltr'>dinis</span> <span class='ocrx_word' id='word_1_208' title='bbox 776 3112 964 3181; x_wconf 87' lang='lat' dir='ltr'>animi,</span> <span class='ocrx_word' id='word_1_209' title='bbox 1006 3112 1107 3168; x_wconf 96' lang='lat' dir='ltr'>hoc</span> <span class='ocrx_word' id='word_1_210' title='bbox 1145 3112 1183 3167; x_wconf 91' lang='lat' dir='ltr'>ii</span> <span class='ocrx_word' id='word_1_211' title='bbox 1222 3121 1439 3181; x_wconf 88' lang='lat' dir='ltr'>norunt,</span> <span class='ocrx_word' id='word_1_212' title='bbox 1481 3113 1574 3182; x_wconf 90' lang='lat' dir='ltr'>qui</span> <span class='ocrx_word' id='word_1_213' title='bbox 1614 3111 1957 3182; x_wconf 89' lang='lat' dir='ltr'>perfectionis</span> <span class='ocrx_word' id='word_1_214' title='bbox 1997 3112 2155 3167; x_wconf 91' lang='lat' dir='ltr'>semi-</span> 
     </span>
    </p>
   </div>
   <div class='ocr_carea' id='block_1_4' title="bbox 597 3215 1875 3285">
    <p class='ocr_par' dir='ltr' id='par_1_7' title="bbox 597 3215 1875 3285">
     <span class='ocr_line' id='line_1_32' title="bbox 597 3215 1875 3285; baseline -0.002 -13"><span class='ocrx_word' id='word_1_215' title='bbox 597 3224 707 3272; x_wconf 85' lang='lat' dir='ltr'>tam</span> <span class='ocrx_word' id='word_1_216' title='bbox 745 3215 985 3272; x_wconf 89' lang='lat' dir='ltr'>studiose</span> <span class='ocrx_word' id='word_1_217' title='bbox 1021 3234 1081 3271; x_wconf 88' lang='lat' dir='ltr'>ac</span> <span class='ocrx_word' id='word_1_218' title='bbox 1118 3224 1424 3272; x_wconf 88' lang='lat' dir='ltr'>constanter</span> <span class='ocrx_word' id='word_1_219' title='bbox 1461 3222 1875 3285; x_wconf 88' lang='lat' dir='ltr'>persequuntur.</span> 
     </span>
    </p>
   </div>
  </div>
 </body>
</html>
