2315 3559
204 298 270 336 DE
291 296 596 336 REPETENDA
617 296 688 334 ss.
708 295 878 346 PETRI,
898 294 1076 333 ῐοΑΝΝ.
1096 294 1158 332 ΕΤ
1173 293 1325 331 ALPH.
1347 292 1587 330 MEnomA
1624 277 1725 331 185

170 460 338 496 mum.
389 441 634 495 Prostant
677 458 706 493 a
750 438 993 505 saeculiS,
1036 446 1313 505 tamquam
1353 443 1720 501 monumenta,

170 541 365 608 scripta
405 541 622 593 Patrum
667 546 994 604 nostrorum,
1043 538 1198 605 plena
1241 535 1383 589 illius
1429 533 1721 601 doctrinae,

169 658 306 708 quae
378 639 674 693 etiamnum
741 639 913 691 lucem
988 635 1215 690 effundit
1282 635 1336 688 in
1407 633 1725 688 Societatem

167 746 329 806 atque
374 737 738 805 splendorem.

237 837 563 890 Evanescere
612 835 713 889 hoc
765 835 925 888 decus
977 834 1058 886 vel
1109 831 1384 886 obscurari
1435 830 1627 896 nolim;
1677 838 1728 884 et

167 934 483 1003 praesertim
553 933 679 1002 quia
747 933 821 986 ita
889 933 1163 987 decretum
1221 938 1299 985 est
1359 948 1388 984 a
1443 929 1723 996 Societate,

167 1034 372 1089 hortari
422 1033 610 1100 debeo,
662 1041 721 1086 ut
763 1031 899 1085 nihil
946 1031 1001 1085 in
1057 1048 1118 1085 eo
1169 1048 1365 1098 genere
1413 1030 1601 1084 leviter
1647 1032 1727 1084 vel

166 1135 554 1203 imprudenter,
613 1133 747 1186 nihil
798 1150 986 1200 aspere
1041 1133 1123 1186 vel
1174 1138 1376 1186 temere
1425 1131 1535 1185 fiat.
1591 1130 1727 1194 Quin

167 1236 329 1290 etiam
374 1235 555 1289 animo
599 1234 911 1301 tranquiIIO,
960 1250 1155 1300 magna
1201 1232 1505 1300 prudentia,
1554 1231 1729 1298 digni-

166 1344 274 1390 tate
312 1335 489 1403 potius
527 1352 691 1402 quam
731 1333 954 1402 impetn,
1003 1350 1099 1401 pro
1151 1332 1375 1387 veritate
1427 1350 1485 1386 ac
1524 1331 1728 1385 iustitia

167 1436 483 1490 certandum
530 1442 624 1488 est.

235 1535 340 1589 Nec
391 1551 537 1601 verO,
591 1549 729 1600 quae
778 1531 870 1586 Dei
931 1531 1105 1598 gratia
1160 1539 1255 1598 est,
1304 1531 1577 1599 praeclara
1631 1548 1728 1584 nos

168 1634 223 1688 in
273 1651 335 1688 eo
375 1650 572 1701 genere
621 1631 879 1686 deficiunt
917 1632 1175 1699 exempla.
1223 1630 1356 1685 Sunt
1394 1630 1539 1685 enim
1577 1648 1729 1698 prae-

167 1741 384 1800 31311133,
461 1732 555 1801 qui
628 1732 728 1785 hac
795 1738 967 1786 aetate
1034 1738 1217 1785 nostra
1285 1732 1585 1784 floruerunt
1647 1731 1728 1784 vel

167 1833 463 1888 etiamnum
502 1833 695 1886 florent
733 1833 798 1886 de
835 1830 1096 1886 Societate
1134 1831 1269 1885 bene
1297 1830 1476 1885 meriti
1506 1830 1730 1899 scripto-

166 1952 268 2000 133,
327 1932 601 2000 iidemque
664 1932 932 1999 imperant
993 1930 1113 1997 sibi,
1173 1929 1448 1984 neminem
1509 1930 1729 1984 laedunt

167 2043 236 2102 et,
288 2034 333 2088 si
379 2051 543 2102 quam
598 2033 898 2101 propellere
949 2032 1205 2086 iniuriam
1250 2039 1534 2099 coguntur,
1582 2039 1729 2085 tanta

166 2135 314 2189 illam
362 2132 530 2188 animi
581 2132 951 2187 moderatione
1000 2149 1059 2185 ac
1110 2130 1373 2185 modestia
1423 2149 1452 2184 a
1491 2148 1545 2184 se
1583 2148 1730 2185 amo-

168 2241 308 2299 vent,
350 2239 409 2286 ut
445 2233 527 2286 vel
566 2231 680 2299 ipse
719 2232 930 2298 modus,
962 2248 1123 2299 quem
1163 2230 1217 2284 in
1256 2230 1538 2285 scribendo
1578 2230 1730 2284 adhi-

165 2333 310 2399 bent,
353 2331 777 2386 controversiam
816 2331 1003 2385 sedare
1047 2330 1311 2384 videatur.

236 2431 440 2486 Idcirco
486 2431 731 2485 dolemus
766 2430 927 2484 etiam
964 2429 1226 2496 acerbius,
1269 2447 1348 2496 ea,
1397 2447 1534 2497 quae
1579 2447 1728 2498 pros-

166 2547 292 2599 pere
364 2530 563 2583 horum
638 2529 1027 2597 temperatione
1096 2528 1349 2597 prudenti
1422 2537 1723 2595 creverunt,

167 2628 332 2684 dilabi
377 2628 649 2683 interdum
687 2635 848 2695 atque
892 2628 1059 2682 everti
1104 2628 1402 2682 inconsulta
1447 2629 1529 2682 vel
1568 2627 1726 2681 unius

167 2728 443 2797 scriptoris
520 2727 884 2795 imprudentia
961 2745 1020 2782 ac
1081 2727 1400 2782 temeritate.
1477 2727 1627 2790 Quod
1682 2727 1726 2780 si

168 2827 278 2894 fiat,
348 2835 407 2880 ut
477 2825 627 2880 aditu
694 2834 977 2893 propterea
1034 2825 1266 2881 Societas
1324 2827 1390 2880 ad
1448 2826 1725 2893 regionem

169 2943 567 2994 quamcumque
627 2924 994 2993 prohibeatur,
1054 2925 1174 2994 quis
1231 2925 1360 2980 illud
1418 2925 1724 2979 animorum

169 3027 427 3080 damnum
467 3025 656 3091 ingens
695 3025 1024 3092 praestabit?

240 3125 379 3179 Haec
423 3123 786 3192 praesentiens
835 3123 1015 3178 animo
1065 3123 1114 3178 S.
1162 3124 1418 3191 IgnatiuS,
1476 3124 1723 3177 hortatur

171 3231 227 3278 ut
281 3223 349 3278 sit
397 3223 452 3278 in
495 3222 755 3280 Societate
810 3223 1035 3292 quidam
1084 3223 1411 3279 'conversatis
1459 3238 1611 3276 amor
1671 3229 1722 3276 et

1799 3223 1934 3256 const.
1950 3229 1989 3261 p.
2008 3221 2057 3253 1ο.

1879 3272 1920 3297 n.
1943 3263 1994 3297 11.
