2315 3559
220 2109 347 2141 Serm.
363 2110 411 2143 de
429 2112 466 2142 S.

212 2151 371 2192 Philog.
386 2161 425 2183 n.
441 2155 474 2185 2.

570 235 635 288 76
807 256 1058 294 ΕΡιεΤοιΑ
1095 257 1313 295 ΑΝΤΟΝΠ
1354 258 1551 295 mmm
1591 258 1901 295 ANDERLEDY

569 414 707 464 mus,
738 418 766 452 a
807 399 1186 469 Superioribus
1232 404 1578 469 demandato,
1610 421 1671 456 ex
1708 403 2010 457 certissima
2047 405 2140 459 Dei

570 499 840 554 voluntate
902 502 1161 569 gerimus,
1216 502 1475 569 quicquid
1536 502 1797 569 temporis
1849 502 2140 570 surripitur

566 597 762 663 officio,
811 618 872 653 ex
916 601 1196 654 daemonis
1242 601 1590 667 instigatione
1630 600 1985 654 subtrahitur.

637 697 779 750 Inter
819 699 965 753 varia
1015 717 1157 766 verO,
1189 717 1328 767 quae
1366 700 1542 753 eidem
1571 717 1830 767 personae
1857 700 2138 766 obtingere

564 805 806 863 possunt,
834 798 1133 866 principem
1163 799 1384 852 omnino
1412 800 1588 852 locum
1617 817 1677 853 ea
1705 818 1929 853 munera
1956 807 2138 854 tenere

564 895 780 962 debent,
835 914 974 964 quae
1025 915 1213 952 eorum
1264 899 1439 965 gratia
1483 899 1867 966 suscipiuntur,
1916 899 2139 966 quibus-

561 1014 684 1049 cum
739 996 950 1051 vinculo
1001 998 1385 1065 coniungimur
1429 998 1670 1052 eiusdem
1727 998 1863 1051 vitae
1912 998 2137 1052 rationis

562 1103 613 1149 et
658 1114 794 1163 quos
836 1097 976 1150 filios
1023 1100 1103 1152 vel
1149 1099 1340 1152 fratres
1380 1098 1573 1152 merito
1624 1100 1975 1166 appellamus,
2021 1111 2046 1145 «
2082 1097 2136 1151 Si

563 1215 588 1247 ³>
630 1196 771 1263 quis,
821 1196 894 1250 ita
933 1197 983 1251 S.
1037 1199 1260 1252 Ioannes
1306 1198 1734 1267 ChrysostomuS,
1779 1197 2009 1251 voluerit
2058 1196 2135 1250 illi

562 1314 586 1345 ³)
627 1295 887 1363 (Christo)
910 1299 1322 1352 commendatus
1350 1316 1483 1365 esse,
1513 1316 1698 1351 curam
1728 1298 1922 1352 haheat
1949 1297 2134 1350 ovium

560 1414 585 1446 ³)
627 1395 835 1450 illius...
887 1398 1116 1452 fratrum
1157 1416 1380 1452 suorum
1421 1399 1579 1452 saluti
1618 1398 1928 1466 prospiciat.
1957 1417 1983 1450 ))
2013 1398 2137 1461 Qui-

558 1512 682 1548 nam
726 1514 850 1550 vero
897 1497 1013 1551 iure
1052 1498 1254 1566 potiori
1302 1500 1492 1552 fratres
1537 1498 1751 1552 dicendi
1797 1504 1938 1563 sunt,
1969 1515 2134 1564 quam

556 1595 613 1663 ii,
662 1614 797 1664 quos
837 1599 1026 1652 eadem
1054 1606 1236 1653 sancta
1264 1598 1508 1664 societas,
1551 1600 1739 1652 eadem
1767 1597 2130 1664 oboedientia,

556 1696 701 1750 idem
748 1697 969 1750 Divinus
1015 1716 1169 1751 amor
1213 1698 1456 1752 vinciunt
1493 1698 1775 1752 nobiscum
1815 1705 1978 1765 atque
2010 1714 2135 1750 con-

556 1795 868 1862 stringunt?
914 1811 939 1844 ((
987 1798 1207 1851 Nullum
1253 1797 1417 1864 enim,
1466 1797 1644 1865 pergit
1698 1797 2129 1864 ChrysostomuS,

558 1914 583 1947 ))
624 1895 862 1949 officium
921 1897 1023 1950 hoc
1078 1898 1185 1951 Deo
1247 1897 1423 1951 carius
1479 1904 1620 1950 est...
1675 1897 1860 1963 'Neque
1910 1912 2132 1963 prorsus

558 2013 583 2046 ³)
624 1995 729 2048 alia
780 2013 864 2049 res
917 2004 1014 2062 est,
1070 2014 1208 2064 quae
1258 1997 1483 2064 perinde
1528 1997 1762 2050 declaret
1812 1996 2129 2061 doceatque,

558 2113 583 2147 ))
625 2095 747 2162 quis
800 2096 869 2149 sit
908 2096 1083 2150 fidelis
1135 2104 1187 2151 et
1230 2115 1416 2151 amans
1461 2096 1677 2163 Christi,
1726 2112 1890 2163 quam
1935 2094 1978 2147 si
2030 2096 2134 2147 fra-

558 2213 583 2247 »
624 2202 769 2248 trum
822 2214 1009 2250 curam
1055 2204 1196 2263 agat,
1250 2214 1459 2264 proquo
1504 2195 1720 2249 illorum
1766 2195 1935 2248 salute
1979 2200 2132 2259 gerat

556 2313 582 2346 )>
623 2294 1064 2349 sollicitudinem.
1099 2315 1125 2348 ))
1172 2297 1303 2349 Eam
1360 2294 1779 2349 sollicitudinem
1835 2299 2026 2359 gerant
2075 2291 2130 2345 in

554 2392 745 2460 primis
790 2394 1124 2462 Superiores,
1168 2414 1286 2449 eam
1332 2394 1579 2461 Ministri,
1627 2411 1747 2447 eam
1793 2394 2039 2447 Lectores
2079 2398 2132 2445 et

554 2493 814 2562 Magistri,
857 2514 975 2549 eam
1018 2497 1417 2561 Procuratores,
1460 2502 1511 2549 et
1550 2512 1677 2562 prae
1715 2493 1906 2548 ceteris
1945 2508 2128 2546 rerum

553 2593 919 2661 spiritualium
973 2596 1250 2650 Praefecti.
1304 2595 1733 2663 Vituperandum
1779 2593 1923 2648 enim
1969 2600 2127 2659 esset,

555 2702 612 2747 ut
656 2693 848 2747 leniter
898 2695 1095 2760 dicam,
1150 2695 1193 2748 si
1244 2694 1320 2748 illi
1382 2695 1579 2761 quibus
1637 2693 1884 2747 homines
1935 2691 2125 2758 nostri,

555 2793 765 2857 fratres,
804 2794 943 2846 servi
984 2793 1180 2847 Christi
1220 2793 1454 2854 Domini,
1485 2793 1644 2847 amici
1683 2793 1776 2847 Dei
1815 2809 1974 2847 curae
2013 2809 2128 2845 esse

554 2893 769 2958 debent,
813 2892 896 2945 his
936 2901 1149 2960 praesto
1189 2911 1296 2946 non
1337 2900 1530 2959 essent,
1574 2910 1679 2946 non
1724 2892 1904 2945 faciles
1949 2891 2128 2946 aditus

524 2993 875 3061 'praeberent
913 3010 1007 3046 nec
1047 2992 1175 3046 satis
1213 2993 1278 3045 ad
1319 2992 1447 3059 ipsis
1487 2992 1863 3060 opitulandum
1900 3009 1954 3044 se
1980 2991 2129 3046 exhi-

552 3094 743 3148 berent
781 3099 1013 3159 paratos.
1057 3090 1189 3145 Sunt
1231 3109 1355 3148 vero
1395 3091 1448 3145 in
1488 3091 1749 3146 Societate
1788 3090 2122 3159 Superiores,

557 3194 802 3247 Lectores
847 3198 899 3245 et
942 3190 1051 3256 alii,
1100 3190 1193 3258 qui
1240 3191 1480 3245 studium
1525 3199 1577 3245 et
1619 3191 1859 3244 lahorem
1905 3207 2124 3246 omnem
