2315 3559
182 258 248 295 DE
270 256 575 295 REPETENDA
596 255 667 293 SS.
687 253 1054 305 PETR1,10ANN.
1074 254 1303 291 ETALPH.
1323 254 1562 292 MEMORIA
1599 239 1691 293 161

147 401 303 454 nibus
330 408 537 467 exoptO,
568 399 632 453 iis
660 398 1000 463 nominatim,
1031 396 1201 465 quiin
1228 404 1434 464 partem
1462 397 1698 464 aliquam

147 516 303 553 curae
319 500 400 552 vel
416 497 727 565 disciplinae
743 497 989 550 Fratrum
1005 502 1313 549 nostrorum
1339 495 1667 548 vocabuntur
1684 515 1695 561 ;

148 615 315 664 eaque
353 598 417 651 de
460 614 618 650 causa
660 595 833 663 capita
878 595 1142 663 quaedam
1187 593 1311 647 duxi
1356 594 1696 660 recensenda,

148 713 285 763 quae
328 697 470 762 leges
499 703 711 749 nostrae
739 695 804 749 ad
850 694 1229 759 moderandOS,
1259 700 1318 745 ut
1345 710 1440 760 par
1467 701 1564 759 est,
1612 709 1701 746 eos

148 795 241 862 qui
270 803 392 848 sunt
419 796 484 848 de
510 794 771 848 Societate
800 792 1162 861 suppeditant.

214 893 418 946 Horum
462 892 699 960 primum
745 892 874 946 illud
914 899 1009 958 est,
1058 891 1202 957 quod
1247 890 1311 944 ad
1359 906 1538 943 rerum
1567 888 1704 942 divi·
1802 901 2016 948 oratione,

147 1009 341 1045 narum
386 990 625 1044 studium
671 989 919 1058 pertinet.
951 988 1152 1056 Corpus
1197 987 1419 1055 quidem
1457 995 1701 1041 nostrum

146 1097 196 1143 et
240 1107 424 1143 sensus
467 1088 784 1157 temporalia
830 1095 1052 1155 pascunt
1095 1094 1146 1140 et
1188 1086 1412 1151 caduca,
1460 1084 1702 1138 animum

147 1207 272 1244 vero
300 1190 448 1242 alunt
469 1196 629 1256 atque
651 1187 896 1242 nutriunt
923 1186 1267 1255 sempiterna.
1287 1185 1436 1248 Quod
1454 1184 1498 1238 si
1522 1201 1702 1239 rerum

146 1288 305 1341 huius
335 1287 473 1341 vitae
516 1305 643 1341 cura
680 1286 821 1340 viros
865 1287 1116 1354 postulat,
1147 1284 1418 1353 praeditos
1463 1283 1700 1351 ingeniO,

147 1387 239 1455 qui
283 1386 559 1441 assiduum
587 1387 640 1440 in
674 1404 792 1440 eam
838 1385 1153 1453 impendant
1196 1384 1453 1450 laborem,
1502 1390 1703 1450 quanto

148 1486 318 1552 magis
369 1486 765 1553 providendum
811 1492 889 1539 est
933 1484 997 1538 de
1042 1483 1209 1537 animi
1254 1491 1305 1537 et
1348 1481 1704 1536 conscientiae

149 1585 599 1652 moderatoribus,
630 1585 724 1652 qui
759 1584 888 1638 scite
915 1601 975 1637 ac
1002 1583 1239 1637 studiose
1272 1582 1406 1636 tanti
1442 1581 1703 1636 momenti

147 1702 341 1738 munus
369 1685 762 1752 exsequantur?

216 1784 536 1852 Praecipuus
581 1783 636 1837 in
675 1801 735 1837 ea
773 1801 830 1837 re
873 1781 1215 1850 superiorum
1254 1781 1323 1835 sit
1360 1781 1528 1835 labor.
1573 1780 1704 1848 lpsis

148 1883 388 1951 quidem,
442 1883 486 1937 si
537 1883 643 1936 sint
692 1881 984 1950 provinciis
1031 1881 1346 1950 Praepositi,
1394 1882 1496 1936 hoc
1546 1888 1705 1949 caput

146 2004 259 2041 esse
297 1987 472 2053 debet,
525 1994 584 2040 ut
625 1986 1041 2040 Provinciam...
1091 1985 1151 2039 iu
1217 1985 1547 2053 acquirenda
1582 2001 1705 2051 per-

147 2090 430 2158 fectione...
488 2096 868 2157 promovecmt;
906 2106 1013 2142 non
1074 2089 1236 2143 modo
1298 2087 1699 2156 qualicumque,
1747 2080 2018 2153 Provss‘ssffins
2043 2121 2076 2161 2,

146 2194 238 2247 sed
311 2194 376 2248 ad
432 2193 650 2261 proprii
714 2193 966 2247 Iustituti
1031 2193 1297 2246 rationem
1358 2198 1407 2246 et
1464 2191 1698 2259 regulas

146 2292 447 2361 Spiritualis
497 2293 642 2348 enim
693 2292 925 2347 aedificii
975 2291 1255 2360 potissima
1304 2309 1432 2345 cura
1486 2299 1565 2345 est
1613 2291 1707 2344 ha-

148 2393 340 2448 benda.

216 2492 524 2560 Praeposito
569 2492 762 2547 domus
806 2493 1076 2559 professae
1114 2491 1365 2558 secunda,
1408 2490 1704 2558 eademque

147 2591 360 2646 Rectori
418 2591 593 2660 prima
653 2599 850 2646 statuta
909 2600 989 2646 est
1066 2592 1270 2658 regula,
1333 2598 1392 2644 ut
1457 2591 1704 2658 primam

147 2691 316 2758 officii
363 2691 453 2744 sui
501 2708 689 2744 curam
740 2690 800 2744 iu
848 2707 903 2744 eo
946 2689 1180 2756 positam
1241 2705 1349 2742 esse
1405 2688 1701 2755 intellegat,

147 2795 207 2843 ut
249 2790 487 2844 oratioue
546 2796 595 2843 et
652 2789 851 2843 sanctis
910 2788 1196 2843 desideriis
1257 2794 1420 2841 totam
1485 2788 1704 2841 domum

148 2891 289 2944 velut
338 2890 582 2944 humeris
623 2890 739 2943 suis
785 2889 1066 2943 sustineat.

219 2988 606 3055 Professorum,
654 2987 747 3055 qui
797 2988 1071 3042 facultates
1122 2986 1426 3055 superiores
1487 2986 1697 3051 docent,

149 3087 420 3155 feratur...
445 3087 744 3154 peculiaris
772 3087 1061 3141 iuteutiO...
1087 3088 1156 3139 ad
1186 3086 1458 3139 auditores
1487 3102 1607 3138 suos
1631 3083 1701 3136 ad

151 3186 461 3254 obsequium
486 3193 536 3241 et
560 3203 797 3240 amorem
821 3185 923 3240 Dei
947 3203 1007 3239 ac
1032 3186 1362 3240 virtutum...
1399 3183 1693 3238 movendos
1741 3175 2070 3256 ossssibffiffib.

257 3287 388 3333 ΤΟΜΕ
407 3287 477 3332 IV.
1537 3285 1583 3329 11
1808 3256 1951 3290 facult.
1967 3256 1999 3289 1.
