<?xml version="1.0" encoding="UTF-8"?>
<!DOCTYPE html PUBLIC "-//W3C//DTD XHTML 1.0 Transitional//EN"
    "http://www.w3.org/TR/xhtml1/DTD/xhtml1-transitional.dtd">
<html xmlns="http://www.w3.org/1999/xhtml" xml:lang="en" lang="en">
 <head>
  <title>
</title>
<meta http-equiv="Content-Type" content="text/html;charset=utf-8" />
  <meta name='ocr-system' content='tesseract 3.04.00' />
  <meta name='ocr-capabilities' content='ocr_page ocr_carea ocr_par ocr_line ocrx_word'/>
</head>
<body>
  <div class='ocr_page' id='page_1' title='image "./epistolaepraepos04jesu_0412.png"; bbox 0 0 2315 3559; ppageno 0'>
   <div class='ocr_carea' id='block_1_1' title="bbox 532 183 1677 240">
    <p class='ocr_par' dir='ltr' id='par_1_1' title="bbox 532 183 1677 240">
     <span class='ocr_line' id='line_1_1' title="bbox 532 183 1677 240; baseline 0.002 -2"><span class='ocrx_word' id='word_1_1' title='bbox 532 183 635 238; x_wconf 67' lang='lat'>400</span> <span class='ocrx_word' id='word_1_2' title='bbox 954 201 1273 240; x_wconf 84' lang='lat' dir='ltr'><strong>SUMMARIUM</strong></span> <span class='ocrx_word' id='word_1_3' title='bbox 1314 202 1677 240; x_wconf 75' lang='lat' dir='ltr'><strong>EPISTOLARUM</strong></span> 
     </span>
    </p>
   </div>
   <div class='ocr_carea' id='block_1_2' title="bbox 527 344 2101 1176">
    <p class='ocr_par' dir='ltr' id='par_1_2' title="bbox 532 344 1543 391">
     <span class='ocr_line' id='line_1_2' title="bbox 532 344 1543 391; baseline 0.004 -4"><span class='ocrx_word' id='word_1_4' title='bbox 532 344 598 388; x_wconf 81' lang='lat'>18.</span> <span class='ocrx_word' id='word_1_5' title='bbox 640 344 832 390; x_wconf 89' lang='lat' dir='ltr'>Caveant</span> <span class='ocrx_word' id='word_1_6' title='bbox 852 360 907 390; x_wconf 90' lang='lat' dir='ltr'>ne</span> <span class='ocrx_word' id='word_1_7' title='bbox 925 346 1210 391; x_wconf 83' lang='lat' dir='ltr'>effundantur</span> <span class='ocrx_word' id='word_1_8' title='bbox 1231 346 1284 390; x_wconf 91' lang='lat' dir='ltr'>ad</span> <span class='ocrx_word' id='word_1_9' title='bbox 1306 347 1543 391; x_wconf 81' lang='lat' dir='ltr'><strong>exteriora.</strong></span> 
     </span>
    </p>

    <p class='ocr_par' dir='ltr' id='par_1_3' title="bbox 531 430 1856 487">
     <span class='ocr_line' id='line_1_3' title="bbox 531 430 1856 487; baseline 0.003 -13"><span class='ocrx_word' id='word_1_10' title='bbox 531 430 597 475; x_wconf 83' lang='grc'>19.</span> <span class='ocrx_word' id='word_1_11' title='bbox 640 430 728 475; x_wconf 87' lang='lat' dir='ltr'>Nec</span> <span class='ocrx_word' id='word_1_12' title='bbox 746 446 793 476; x_wconf 90' lang='lat' dir='ltr'>se</span> <span class='ocrx_word' id='word_1_13' title='bbox 810 432 948 477; x_wconf 85' lang='lat' dir='ltr'>rebus</span> <span class='ocrx_word' id='word_1_14' title='bbox 966 432 1267 476; x_wconf 87' lang='lat' dir='ltr'>saecularibus</span> <span class='ocrx_word' id='word_1_15' title='bbox 1289 438 1333 477; x_wconf 94' lang='lat' dir='ltr'>et</span> <span class='ocrx_word' id='word_1_16' title='bbox 1352 433 1542 487; x_wconf 78' lang='lat' dir='ltr'>politicis</span> <span class='ocrx_word' id='word_1_17' title='bbox 1565 433 1856 478; x_wconf 81' lang='lat' dir='ltr'>immisceant.</span> 
     </span>
    </p>

    <p class='ocr_par' dir='ltr' id='par_1_4' title="bbox 529 516 2101 658">
     <span class='ocr_line' id='line_1_4' title="bbox 529 516 2101 572; baseline 0.003 -11"><span class='ocrx_word' id='word_1_18' title='bbox 529 516 597 561; x_wconf 71' lang='lat'>20.</span> <span class='ocrx_word' id='word_1_19' title='bbox 643 517 796 571; x_wconf 83' lang='lat' dir='ltr'>Rogati</span> <span class='ocrx_word' id='word_1_20' title='bbox 833 526 978 562; x_wconf 86' lang='lat' dir='ltr'>autem</span> <span class='ocrx_word' id='word_1_21' title='bbox 1019 518 1072 561; x_wconf 85' lang='lat' dir='ltr'>ab</span> <span class='ocrx_word' id='word_1_22' title='bbox 1122 518 1353 572; x_wconf 84' lang='lat' dir='ltr'>Episcopis</span> <span class='ocrx_word' id='word_1_23' title='bbox 1390 526 1432 562; x_wconf 92' lang='lat' dir='ltr'>et</span> <span class='ocrx_word' id='word_1_24' title='bbox 1467 518 1731 563; x_wconf 78' lang='lat' dir='ltr'>Curionibus</span> <span class='ocrx_word' id='word_1_25' title='bbox 1765 519 1958 564; x_wconf 88' lang='lat' dir='ltr'>libenter</span> <span class='ocrx_word' id='word_1_26' title='bbox 1995 521 2101 565; x_wconf 87' lang='lat' dir='ltr'>dent</span> 
     </span>
     <span class='ocr_line' id='line_1_5' title="bbox 641 603 1366 658; baseline -0.003 -11"><span class='ocrx_word' id='word_1_27' title='bbox 641 617 822 658; x_wconf 77' lang='lat' dir='ltr'>operam</span> <span class='ocrx_word' id='word_1_28' title='bbox 840 618 922 658; x_wconf 84' lang='lat' dir='ltr'>pro</span> <span class='ocrx_word' id='word_1_29' title='bbox 946 603 1192 647; x_wconf 86' lang='lat' dir='ltr'>animarum</span> <span class='ocrx_word' id='word_1_30' title='bbox 1212 604 1366 648; x_wconf 91' lang='lat' dir='ltr'>salute.</span> 
     </span>
    </p>

    <p class='ocr_par' dir='ltr' id='par_1_5' title="bbox 528 688 2097 831">
     <span class='ocr_line' id='line_1_6' title="bbox 528 688 2097 746; baseline 0.003 -14"><span class='ocrx_word' id='word_1_31' title='bbox 528 688 669 733; x_wconf 69' lang='lat'>21-22.</span> <span class='ocrx_word' id='word_1_32' title='bbox 714 691 837 734; x_wconf 83' lang='lat' dir='ltr'>Ratio</span> <span class='ocrx_word' id='word_1_33' title='bbox 872 689 1087 734; x_wconf 75' lang='lat' dir='ltr'>habeatur</span> <span class='ocrx_word' id='word_1_34' title='bbox 1120 689 1356 744; x_wconf 85' lang='lat' dir='ltr'>religiosae</span> <span class='ocrx_word' id='word_1_35' title='bbox 1386 690 1678 745; x_wconf 83' lang='lat' dir='ltr'>paupertatis,</span> <span class='ocrx_word' id='word_1_36' title='bbox 1702 691 1888 745; x_wconf 87' lang='lat' dir='ltr'>eiusque</span> <span class='ocrx_word' id='word_1_37' title='bbox 1925 692 2097 746; x_wconf 89' lang='lat' dir='ltr'>perfec-</span> 
     </span>
     <span class='ocr_line' id='line_1_7' title="bbox 639 775 2096 831; baseline 0 -12"><span class='ocrx_word' id='word_1_38' title='bbox 639 776 770 820; x_wconf 87' lang='lat' dir='ltr'>tiouis</span> <span class='ocrx_word' id='word_1_39' title='bbox 793 775 1100 829; x_wconf 81' lang='lat' dir='ltr'>assequendae</span> <span class='ocrx_word' id='word_1_40' title='bbox 1126 790 1134 819; x_wconf 92' lang='lat'>:</span> <span class='ocrx_word' id='word_1_41' title='bbox 1157 776 1389 830; x_wconf 89' lang='lat' dir='ltr'>proposito</span> <span class='ocrx_word' id='word_1_42' title='bbox 1412 776 1659 830; x_wconf 83' lang='lat' dir='ltr'>primorum</span> <span class='ocrx_word' id='word_1_43' title='bbox 1684 776 1861 820; x_wconf 86' lang='lat' dir='ltr'>Patrum</span> <span class='ocrx_word' id='word_1_44' title='bbox 1879 777 2096 831; x_wconf 79' lang='lat' dir='ltr'>exemplo.</span> 
     </span>
    </p>

    <p class='ocr_par' dir='ltr' id='par_1_6' title="bbox 528 861 2099 1003">
     <span class='ocr_line' id='line_1_8' title="bbox 528 861 2099 917; baseline 0.001 -12"><span class='ocrx_word' id='word_1_45' title='bbox 528 861 669 906; x_wconf 72' lang='lat'>23-24.</span> <span class='ocrx_word' id='word_1_46' title='bbox 695 862 1014 916; x_wconf 89' lang='lat' dir='ltr'>Impedimenta</span> <span class='ocrx_word' id='word_1_47' title='bbox 1043 861 1146 906; x_wconf 90' lang='lat' dir='ltr'>inde</span> <span class='ocrx_word' id='word_1_48' title='bbox 1176 862 1423 906; x_wconf 82' lang='lat' dir='ltr'>amovenda</span> <span class='ocrx_word' id='word_1_49' title='bbox 1456 877 1465 906; x_wconf 81' lang='lat' dir='ltr'><em>z</em></span> <span class='ocrx_word' id='word_1_50' title='bbox 1497 863 1641 916; x_wconf 86' lang='lat' dir='ltr'>primo</span> <span class='ocrx_word' id='word_1_51' title='bbox 1679 863 1851 917; x_wconf 86' lang='lat' dir='ltr'>species</span> <span class='ocrx_word' id='word_1_52' title='bbox 1884 863 2099 917; x_wconf 86' lang='lat' dir='ltr'>quaedam</span> 
     </span>
     <span class='ocr_line' id='line_1_9' title="bbox 637 949 1876 1003; baseline -0.001 -11"><span class='ocrx_word' id='word_1_53' title='bbox 637 949 906 1001; x_wconf 79' lang='lat' dir='ltr'>honestatis3</span> <span class='ocrx_word' id='word_1_54' title='bbox 932 949 1128 993; x_wconf 90' lang='lat' dir='ltr'>secundo</span> <span class='ocrx_word' id='word_1_55' title='bbox 1153 962 1295 1002; x_wconf 85' lang='lat' dir='ltr'>aeque</span> <span class='ocrx_word' id='word_1_56' title='bbox 1316 949 1444 993; x_wconf 83' lang='lat' dir='ltr'>fallax</span> <span class='ocrx_word' id='word_1_57' title='bbox 1466 949 1640 1003; x_wconf 86' lang='lat' dir='ltr'>species</span> <span class='ocrx_word' id='word_1_58' title='bbox 1663 949 1876 994; x_wconf 85' lang='lat' dir='ltr'>caritatis.</span> 
     </span>
    </p>

    <p class='ocr_par' dir='ltr' id='par_1_7' title="bbox 527 1034 2101 1176">
     <span class='ocr_line' id='line_1_10' title="bbox 527 1034 2101 1089; baseline 0.001 -11"><span class='ocrx_word' id='word_1_59' title='bbox 527 1034 596 1078; x_wconf 69' lang='lat'>025.</span> <span class='ocrx_word' id='word_1_60' title='bbox 639 1034 839 1088; x_wconf 84' lang='lat' dir='ltr'>Denique</span> <span class='ocrx_word' id='word_1_61' title='bbox 869 1034 923 1078; x_wconf 86' lang='lat' dir='ltr'>ad</span> <span class='ocrx_word' id='word_1_62' title='bbox 959 1034 1205 1078; x_wconf 86' lang='lat' dir='ltr'>orationem</span> <span class='ocrx_word' id='word_1_63' title='bbox 1234 1035 1574 1089; x_wconf 88' lang='lat' dir='ltr'>recurrendum,</span> <span class='ocrx_word' id='word_1_64' title='bbox 1612 1035 1658 1078; x_wconf 90' lang='lat' dir='ltr'>in</span> <span class='ocrx_word' id='word_1_65' title='bbox 1695 1048 1837 1089; x_wconf 84' lang='lat' dir='ltr'>eaque</span> <span class='ocrx_word' id='word_1_66' title='bbox 1871 1034 2101 1079; x_wconf 86' lang='lat' dir='ltr'>ferventer</span> 
     </span>
     <span class='ocr_line' id='line_1_11' title="bbox 638 1121 987 1176; baseline -0.003 -11"><span class='ocrx_word' id='word_1_67' title='bbox 638 1121 987 1176; x_wconf 87' lang='lat' dir='ltr'>persistendum.</span> 
     </span>
    </p>
   </div>
   <div class='ocr_carea' id='block_1_3' title="bbox 526 1321 2101 1722">
    <p class='ocr_par' dir='ltr' id='par_1_8' title="bbox 526 1321 2101 1722">
     <span class='ocr_line' id='line_1_12' title="bbox 583 1321 2098 1378; baseline 0 -12"><span class='ocrx_word' id='word_1_68' title='bbox 583 1323 640 1367; x_wconf 83' lang='lat' dir='ltr'>In</span> <span class='ocrx_word' id='word_1_69' title='bbox 671 1321 849 1378; x_wconf 79' lang='lat' dir='ltr'>duplici</span> <span class='ocrx_word' id='word_1_70' title='bbox 870 1322 954 1368; x_wconf 82' lang='lat' dir='ltr'>hoe</span> <span class='ocrx_word' id='word_1_71' title='bbox 983 1321 1141 1367; x_wconf 83' lang='lat' dir='ltr'>Indice</span> <span class='ocrx_word' id='word_1_72' title='bbox 1171 1322 1363 1367; x_wconf 80' lang='lat' dir='ltr'>omissae</span> <span class='ocrx_word' id='word_1_73' title='bbox 1392 1324 1504 1366; x_wconf 78' lang='lat' dir='ltr'>sunl</span> <span class='ocrx_word' id='word_1_74' title='bbox 1532 1321 1814 1376; x_wconf 79' lang='lat' dir='ltr'>Appendieis</span> <span class='ocrx_word' id='word_1_75' title='bbox 1851 1322 1980 1367; x_wconf 85' lang='lat' dir='ltr'>Tomi</span> <span class='ocrx_word' id='word_1_76' title='bbox 2009 1323 2098 1368; x_wconf 94' lang='grc' dir='ltr'><em>ΙΙΙ.</em></span> 
     </span>
     <span class='ocr_line' id='line_1_13' title="bbox 526 1407 2099 1463; baseline 0 -11"><span class='ocrx_word' id='word_1_77' title='bbox 526 1408 765 1462; x_wconf 79' lang='lat' dir='ltr'>Epistolae</span> <span class='ocrx_word' id='word_1_78' title='bbox 795 1408 856 1452; x_wconf 88' lang='lat' dir='ltr'>ad</span> <span class='ocrx_word' id='word_1_79' title='bbox 885 1420 1018 1453; x_wconf 81' lang='lat' dir='ltr'>usum</span> <span class='ocrx_word' id='word_1_80' title='bbox 1052 1409 1357 1463; x_wconf 71' lang='lat' dir='ltr'>Superioruin</span> <span class='ocrx_word' id='word_1_81' title='bbox 1374 1421 1390 1462; x_wconf 84' lang='grc'>,·</span> <span class='ocrx_word' id='word_1_82' title='bbox 1422 1420 1552 1462; x_wconf 78' lang='lat' dir='ltr'>qnae,</span> <span class='ocrx_word' id='word_1_83' title='bbox 1589 1407 1630 1452; x_wconf 79' lang='lat' dir='ltr'>si</span> <span class='ocrx_word' id='word_1_84' title='bbox 1663 1410 1812 1452; x_wconf 79' lang='lat' dir='ltr'>tomus</span> <span class='ocrx_word' id='word_1_85' title='bbox 1844 1408 1919 1452; x_wconf 82' lang='lat' dir='ltr'>ille</span> <span class='ocrx_word' id='word_1_86' title='bbox 1953 1408 2099 1452; x_wconf 81' lang='lat' dir='ltr'>denuo</span> 
     </span>
     <span class='ocr_line' id='line_1_14' title="bbox 528 1493 2101 1549; baseline 0.001 -12"><span class='ocrx_word' id='word_1_87' title='bbox 528 1493 713 1548; x_wconf 79' lang='lat' dir='ltr'>edatur,</span> <span class='ocrx_word' id='word_1_88' title='bbox 732 1494 1013 1539; x_wconf 78' lang='lat' dir='ltr'>omittendae</span> <span class='ocrx_word' id='word_1_89' title='bbox 1034 1496 1173 1539; x_wconf 79' lang='lat' dir='ltr'>erunt</span> <span class='ocrx_word' id='word_1_90' title='bbox 1194 1496 1236 1539; x_wconf 79' lang='lat' dir='ltr'>el</span> <span class='ocrx_word' id='word_1_91' title='bbox 1267 1493 1621 1549; x_wconf 75' lang='lat' dir='ltr'>transferendae</span> <span class='ocrx_word' id='word_1_92' title='bbox 1647 1494 1696 1538; x_wconf 85' lang='lat' dir='ltr'>in</span> <span class='ocrx_word' id='word_1_93' title='bbox 1719 1493 1964 1538; x_wconf 70' lang='lat' dir='ltr'>editionem</span> <span class='ocrx_word' id='word_1_94' title='bbox 1993 1495 2101 1539; x_wconf 71' lang='lat' dir='ltr'>novi</span> 
     </span>
     <span class='ocr_line' id='line_1_15' title="bbox 529 1579 2100 1636; baseline 0.001 -12"><span class='ocrx_word' id='word_1_95' title='bbox 529 1579 668 1625; x_wconf 81' lang='lat' dir='ltr'>libelli</span> <span class='ocrx_word' id='word_1_96' title='bbox 717 1594 738 1618; x_wconf 86' lang='lat'>«</span> <span class='ocrx_word' id='word_1_97' title='bbox 776 1581 1161 1636; x_wconf 78' lang='lat' dir='ltr'>Praepositorum</span> <span class='ocrx_word' id='word_1_98' title='bbox 1208 1580 1502 1626; x_wconf 77' lang='lat' dir='ltr'>Generalimn</span> <span class='ocrx_word' id='word_1_99' title='bbox 1546 1581 1734 1626; x_wconf 78' lang='lat' dir='ltr'>selectae</span> <span class='ocrx_word' id='word_1_100' title='bbox 1777 1581 2017 1636; x_wconf 80' lang='lat' dir='ltr'>Epistolae</span> <span class='ocrx_word' id='word_1_101' title='bbox 2058 1584 2100 1627; x_wconf 82' lang='lat' dir='ltr'>et</span> 
     </span>
     <span class='ocr_line' id='line_1_16' title="bbox 527 1666 1270 1722; baseline 0.001 -11"><span class='ocrx_word' id='word_1_102' title='bbox 527 1667 816 1712; x_wconf 83' lang='lat' dir='ltr'>Documenta</span> <span class='ocrx_word' id='word_1_103' title='bbox 847 1666 908 1711; x_wconf 87' lang='lat' dir='ltr'>ad</span> <span class='ocrx_word' id='word_1_104' title='bbox 936 1668 1221 1722; x_wconf 72' lang='lat' dir='ltr'>Superiores.</span> <span class='ocrx_word' id='word_1_105' title='bbox 1250 1685 1270 1708; x_wconf 87' lang='lat'>»</span> 
     </span>
    </p>
   </div>
   <div class='ocr_carea' id='block_1_4' title="bbox 529 1923 2098 1982">
    <p class='ocr_par' dir='ltr' id='par_1_9' title="bbox 529 1923 2098 1982">
     <span class='ocr_line' id='line_1_17' title="bbox 529 1923 2098 1982; baseline 0.001 -4"><span class='ocrx_word' id='word_1_106' title='bbox 529 1923 932 1982; x_wconf 84' lang='lat' dir='ltr'>EPISTOLAE</span> <span class='ocrx_word' id='word_1_107' title='bbox 959 1923 1027 1981; x_wconf 88' lang='lat' dir='ltr'>R.</span> <span class='ocrx_word' id='word_1_108' title='bbox 1050 1925 1113 1980; x_wconf 90' lang='lat' dir='ltr'>P.</span> <span class='ocrx_word' id='word_1_109' title='bbox 1133 1926 1202 1980; x_wconf 91' lang='lat' dir='ltr'>N.</span> <span class='ocrx_word' id='word_1_110' title='bbox 1225 1923 1530 1981; x_wconf 82' lang='lat' dir='ltr'>ANTONlI</span> <span class='ocrx_word' id='word_1_111' title='bbox 1559 1927 1632 1981; x_wconf 82' lang='lat' dir='ltr'>M.</span> <span class='ocrx_word' id='word_1_112' title='bbox 1655 1924 2098 1982; x_wconf 81' lang='lat' dir='ltr'>ANDERLEDY</span> 
     </span>
    </p>
   </div>
   <div class='ocr_carea' id='block_1_5' title="bbox 599 2086 2032 2155">
    <p class='ocr_par' dir='ltr' id='par_1_10' title="bbox 599 2086 2032 2155">
     <span class='ocr_line' id='line_1_18' title="bbox 599 2086 2032 2155; baseline 0.001 -15"><span class='ocrx_word' id='word_1_113' title='bbox 599 2086 637 2140; x_wconf 90' lang='lat'>1.</span> <span class='ocrx_word' id='word_1_114' title='bbox 668 2102 734 2140; x_wconf 86' lang='lat' dir='ltr'>AD</span> <span class='ocrx_word' id='word_1_115' title='bbox 758 2102 953 2141; x_wconf 72' lang='lat' dir='ltr'><strong>PATRES</strong></span> <span class='ocrx_word' id='word_1_116' title='bbox 981 2103 1045 2140; x_wconf 86' lang='lat' dir='ltr'>ET</span> <span class='ocrx_word' id='word_1_117' title='bbox 1073 2102 1304 2140; x_wconf 68' lang='lat' dir='ltr'>FRATRES</span> <span class='ocrx_word' id='word_1_118' title='bbox 1332 2102 1652 2155; x_wconf 71' lang='lat' dir='ltr'>soclETATIS,</span> <span class='ocrx_word' id='word_1_119' title='bbox 1677 2086 1708 2142; x_wconf 81' lang='lat'>8</span> <span class='ocrx_word' id='word_1_120' title='bbox 1731 2086 1867 2141; x_wconf 88' lang='lat' dir='ltr'>iunii</span> <span class='ocrx_word' id='word_1_121' title='bbox 1895 2086 2032 2141; x_wconf 73' lang='lat'><strong>1884</strong></span> 
     </span>
    </p>
   </div>
   <div class='ocr_carea' id='block_1_6' title="bbox 524 2238 2099 2406">
    <p class='ocr_par' dir='ltr' id='par_1_11' title="bbox 524 2238 2099 2406">
     <span class='ocr_line' id='line_1_19' title="bbox 524 2238 2099 2306; baseline -0.001 -14"><span class='ocrx_word' id='word_1_122' title='bbox 524 2238 600 2293; x_wconf 91' lang='lat' dir='ltr'>De</span> <span class='ocrx_word' id='word_1_123' title='bbox 646 2239 845 2294; x_wconf 79' lang='lat' dir='ltr'>litteris</span> <span class='ocrx_word' id='word_1_124' title='bbox 887 2239 1171 2306; x_wconf 80' lang='lat' dir='ltr'>encyclicis</span> <span class='ocrx_word' id='word_1_125' title='bbox 1213 2238 1311 2293; x_wconf 82' lang='lat' dir='ltr'>SS.</span> <span class='ocrx_word' id='word_1_126' title='bbox 1359 2239 1472 2293; x_wconf 66' lang='lat' dir='ltr'>Dm·</span> <span class='ocrx_word' id='word_1_127' title='bbox 1506 2239 1698 2293; x_wconf 79' lang='lat' dir='ltr'>Leonis</span> <span class='ocrx_word' id='word_1_128' title='bbox 1742 2239 1860 2293; x_wconf 88' lang='lat' dir='ltr'>PP.</span> <span class='ocrx_word' id='word_1_129' title='bbox 1901 2238 2046 2293; x_wconf 86' lang='lat' dir='ltr'><em>XIII</em></span> <span class='ocrx_word' id='word_1_130' title='bbox 2081 2257 2099 2291; x_wconf 92' lang='lat'>.·</span> 
     </span>
     <span class='ocr_line' id='line_1_20' title="bbox 1055 2339 1574 2406; baseline 0 -14"><span class='ocrx_word' id='word_1_131' title='bbox 1055 2339 1114 2392; x_wconf 92' lang='lat' dir='ltr'><em>H</em></span> <span class='ocrx_word' id='word_1_132' title='bbox 1114 2356 1384 2392; x_wconf 76' lang='lat' dir='ltr'>umanum</span> <span class='ocrx_word' id='word_1_133' title='bbox 1404 2356 1574 2406; x_wconf 62' lang='lat' dir='ltr'>genus</span> 
     </span>
    </p>
   </div>
   <div class='ocr_carea' id='block_1_7' title="bbox 1008 2468 1615 2538">
    <p class='ocr_par' dir='ltr' id='par_1_12' title="bbox 1008 2468 1615 2538">
     <span class='ocr_line' id='line_1_21' title="bbox 1008 2468 1615 2538; baseline -0.002 -14"><span class='ocrx_word' id='word_1_134' title='bbox 1008 2469 1181 2537; x_wconf 87' lang='lat' dir='ltr'>(Tom.</span> <span class='ocrx_word' id='word_1_135' title='bbox 1215 2470 1297 2537; x_wconf 84' lang='lat' dir='ltr'>lV,</span> <span class='ocrx_word' id='word_1_136' title='bbox 1329 2487 1419 2538; x_wconf 88' lang='lat' dir='ltr'>pp.</span> <span class='ocrx_word' id='word_1_137' title='bbox 1445 2468 1615 2537; x_wconf 50' lang='lat'>1³25.)</span> 
     </span>
    </p>
   </div>
   <div class='ocr_carea' id='block_1_8' title="bbox 551 2641 2097 3215">
    <p class='ocr_par' dir='ltr' id='par_1_13' title="bbox 553 2641 2097 2870">
     <span class='ocr_line' id='line_1_22' title="bbox 553 2641 2095 2696; baseline -0.001 -10"><span class='ocrx_word' id='word_1_138' title='bbox 553 2644 592 2686; x_wconf 84' lang='lat'>1.</span> <span class='ocrx_word' id='word_1_139' title='bbox 636 2641 830 2686; x_wconf 88' lang='lat' dir='ltr'>Socletas</span> <span class='ocrx_word' id='word_1_140' title='bbox 868 2648 1036 2696; x_wconf 86' lang='lat' dir='ltr'>nostra,</span> <span class='ocrx_word' id='word_1_141' title='bbox 1061 2642 1251 2686; x_wconf 88' lang='lat' dir='ltr'>obnoxia</span> <span class='ocrx_word' id='word_1_142' title='bbox 1282 2642 1439 2686; x_wconf 89' lang='lat' dir='ltr'>Christi</span> <span class='ocrx_word' id='word_1_143' title='bbox 1462 2641 1650 2696; x_wconf 77' lang='lat' dir='ltr'>Vicat-io,</span> <span class='ocrx_word' id='word_1_144' title='bbox 1674 2641 1728 2685; x_wconf 91' lang='lat' dir='ltr'>ad</span> <span class='ocrx_word' id='word_1_145' title='bbox 1762 2641 1902 2696; x_wconf 88' lang='lat' dir='ltr'>ipsius</span> <span class='ocrx_word' id='word_1_146' title='bbox 1942 2646 2095 2685; x_wconf 89' lang='lat' dir='ltr'>nutum</span> 
     </span>
     <span class='ocr_line' id='line_1_23' title="bbox 635 2727 2097 2783; baseline -0.001 -11"><span class='ocrx_word' id='word_1_147' title='bbox 635 2735 789 2783; x_wconf 86' lang='lat' dir='ltr'>parata</span> <span class='ocrx_word' id='word_1_148' title='bbox 811 2728 866 2772; x_wconf 90' lang='lat' dir='ltr'>sit</span> <span class='ocrx_word' id='word_1_149' title='bbox 881 2728 1001 2772; x_wconf 89' lang='lat' dir='ltr'>falsis</span> <span class='ocrx_word' id='word_1_150' title='bbox 1020 2729 1305 2782; x_wconf 87' lang='lat' dir='ltr'>opinionibus</span> <span class='ocrx_word' id='word_1_151' title='bbox 1328 2734 1372 2772; x_wconf 86' lang='lat' dir='ltr'>et</span> <span class='ocrx_word' id='word_1_152' title='bbox 1401 2728 1546 2772; x_wconf 86' lang='lat' dir='ltr'>coetui</span> <span class='ocrx_word' id='word_1_153' title='bbox 1568 2741 1784 2783; x_wconf 82' lang='lat' dir='ltr'>perverso</span> <span class='ocrx_word' id='word_1_154' title='bbox 1806 2742 1913 2771; x_wconf 84' lang='lat' dir='ltr'>vera</span> <span class='ocrx_word' id='word_1_155' title='bbox 1933 2727 2097 2782; x_wconf 88' lang='lat' dir='ltr'>princi-</span> 
     </span>
     <span class='ocr_line' id='line_1_24' title="bbox 635 2815 1479 2870; baseline -0.001 -11"><span class='ocrx_word' id='word_1_156' title='bbox 635 2815 708 2870; x_wconf 89' lang='lat' dir='ltr'>pia</span> <span class='ocrx_word' id='word_1_157' title='bbox 730 2821 773 2859; x_wconf 90' lang='lat' dir='ltr'>et</span> <span class='ocrx_word' id='word_1_158' title='bbox 794 2820 947 2859; x_wconf 85' lang='lat' dir='ltr'>coetus</span> <span class='ocrx_word' id='word_1_159' title='bbox 971 2815 1210 2859; x_wconf 82' lang='lat' dir='ltr'>catholicos</span> <span class='ocrx_word' id='word_1_160' title='bbox 1234 2829 1479 2869; x_wconf 81' lang='lat' dir='ltr'>opponere.</span> 
     </span>
    </p>

    <p class='ocr_par' dir='ltr' id='par_1_14' title="bbox 551 2899 2096 3215">
     <span class='ocr_line' id='line_1_25' title="bbox 551 2899 2096 2955; baseline -0.002 -9"><span class='ocrx_word' id='word_1_161' title='bbox 551 2902 591 2946; x_wconf 68' lang='lat'>2.</span> <span class='ocrx_word' id='word_1_162' title='bbox 632 2901 777 2954; x_wconf 83' lang='lat' dir='ltr'>Quare</span> <span class='ocrx_word' id='word_1_163' title='bbox 791 2901 1007 2955; x_wconf 90' lang='lat' dir='ltr'>imprimis</span> <span class='ocrx_word' id='word_1_164' title='bbox 1022 2901 1210 2944; x_wconf 83' lang='lat' dir='ltr'>docendi</span> <span class='ocrx_word' id='word_1_165' title='bbox 1225 2907 1327 2944; x_wconf 87' lang='lat' dir='ltr'>sunt</span> <span class='ocrx_word' id='word_1_166' title='bbox 1338 2901 1467 2955; x_wconf 92' lang='lat' dir='ltr'>pueri</span> <span class='ocrx_word' id='word_1_167' title='bbox 1480 2914 1489 2951; x_wconf 82' lang='lat'>;</span> <span class='ocrx_word' id='word_1_168' title='bbox 1506 2906 1596 2944; x_wconf 91' lang='lat' dir='ltr'>tum</span> <span class='ocrx_word' id='word_1_169' title='bbox 1612 2900 1829 2944; x_wconf 85' lang='lat' dir='ltr'>fovendae</span> <span class='ocrx_word' id='word_1_170' title='bbox 1843 2899 2096 2944; x_wconf 84' lang='lat' dir='ltr'>sodalitates</span> 
     </span>
     <span class='ocr_line' id='line_1_26' title="bbox 636 2986 2096 3041; baseline -0.001 -9"><span class='ocrx_word' id='word_1_171' title='bbox 636 2988 682 3032; x_wconf 88' lang='lat' dir='ltr'>B.</span> <span class='ocrx_word' id='word_1_172' title='bbox 704 2987 760 3034; x_wconf 85' lang='lat' dir='ltr'>M.</span> <span class='ocrx_word' id='word_1_173' title='bbox 783 2987 851 3041; x_wconf 85' lang='lat' dir='ltr'>V.‚</span> <span class='ocrx_word' id='word_1_174' title='bbox 876 3000 1063 3041; x_wconf 84' lang='lat' dir='ltr'>quarum</span> <span class='ocrx_word' id='word_1_175' title='bbox 1101 2987 1154 3030; x_wconf 88' lang='lat' dir='ltr'>ab</span> <span class='ocrx_word' id='word_1_176' title='bbox 1190 2987 1390 3031; x_wconf 84' lang='lat' dir='ltr'>instituta</span> <span class='ocrx_word' id='word_1_177' title='bbox 1426 2987 1570 3030; x_wconf 88' lang='lat' dir='ltr'>Prima</span> <span class='ocrx_word' id='word_1_178' title='bbox 1606 2986 1817 3030; x_wconf 87' lang='lat' dir='ltr'>Primaria</span> <span class='ocrx_word' id='word_1_179' title='bbox 1838 2986 2096 3030; x_wconf 88' lang='lat' dir='ltr'>trecentesi-</span> 
     </span>
     <span class='ocr_line' id='line_1_27' title="bbox 636 3071 2094 3127; baseline -0.002 -9"><span class='ocrx_word' id='word_1_180' title='bbox 636 3088 734 3118; x_wconf 87' lang='lat' dir='ltr'>mus</span> <span class='ocrx_word' id='word_1_181' title='bbox 756 3087 899 3117; x_wconf 88' lang='lat' dir='ltr'>annus</span> <span class='ocrx_word' id='word_1_182' title='bbox 921 3073 1080 3127; x_wconf 85' lang='lat' dir='ltr'>agitur.</span> <span class='ocrx_word' id='word_1_183' title='bbox 1106 3073 1270 3117; x_wconf 84' lang='lat' dir='ltr'>Harum</span> <span class='ocrx_word' id='word_1_184' title='bbox 1294 3073 1533 3117; x_wconf 85' lang='lat' dir='ltr'>efficaciam</span> <span class='ocrx_word' id='word_1_185' title='bbox 1555 3072 1702 3117; x_wconf 89' lang='lat' dir='ltr'>testati</span> <span class='ocrx_word' id='word_1_186' title='bbox 1724 3078 1826 3116; x_wconf 88' lang='lat' dir='ltr'>sunt</span> <span class='ocrx_word' id='word_1_187' title='bbox 1854 3071 1925 3116; x_wconf 84' lang='lat' dir='ltr'>SS.</span> <span class='ocrx_word' id='word_1_188' title='bbox 1951 3072 2094 3116; x_wconf 91' lang='lat' dir='ltr'>Ponti-</span> 
     </span>
     <span class='ocr_line' id='line_1_28' title="bbox 636 3157 2094 3215; baseline -0.001 -11"><span class='ocrx_word' id='word_1_189' title='bbox 636 3160 758 3215; x_wconf 84' lang='lat' dir='ltr'>fices,</span> <span class='ocrx_word' id='word_1_190' title='bbox 783 3160 928 3214; x_wconf 83' lang='lat' dir='ltr'>Reges</span> <span class='ocrx_word' id='word_1_191' title='bbox 951 3165 994 3204; x_wconf 88' lang='lat' dir='ltr'>et</span> <span class='ocrx_word' id='word_1_192' title='bbox 1015 3159 1260 3213; x_wconf 87' lang='lat' dir='ltr'>Principes,</span> <span class='ocrx_word' id='word_1_193' title='bbox 1285 3159 1368 3203; x_wconf 90' lang='lat' dir='ltr'>viri</span> <span class='ocrx_word' id='word_1_194' title='bbox 1390 3158 1668 3212; x_wconf 87' lang='lat' dir='ltr'>nobilissimi,</span> <span class='ocrx_word' id='word_1_195' title='bbox 1692 3164 1735 3203; x_wconf 93' lang='lat' dir='ltr'>et</span> <span class='ocrx_word' id='word_1_196' title='bbox 1754 3157 1931 3213; x_wconf 85' lang='lat' dir='ltr'>publica</span> <span class='ocrx_word' id='word_1_197' title='bbox 1952 3157 2094 3202; x_wconf 86' lang='lat' dir='ltr'>consi-</span> 
     </span>
    </p>
   </div>
  </div>
 </body>
</html>
