2315 3559
492 209 594 265 332
753 228 1001 266 EPISTOLA
1040 229 1088 266 R.
1133 229 1178 267 P.
1221 230 1273 267 N.
1317 230 1560 268 Lnnovlcl
1600 229 1798 267 MARTIN

493 382 586 428 aut
628 374 790 428 etiam
831 376 1085 429 honestae
1129 394 1159 428 a
1197 375 1306 429 suis
1351 375 1625 429 laboribus
1670 375 2057 430 relaxationes?

494 475 697 543 Nempe
732 483 941 529 tantum
984 476 1118 529 afuit
1148 484 1207 529 ut
1244 477 1325 530 vel
1364 476 1610 543 exiguam
1648 476 1907 543 temporis
1939 494 2059 543 par-

493 585 602 630 tem
630 584 722 630 aut
748 576 904 643 nugis
932 584 1025 630 aut
1051 576 1201 629 vanis
1229 576 1422 630 libellis
1452 576 1692 643 legendis
1719 576 2054 643 concederet,

494 684 552 729 ut
600 694 719 730 eam
772 676 944 744 ipsam
996 676 1434 730 honestissimam
1484 676 1899 745 propensionem
1952 694 2059 744 qua

493 778 558 830 ad
599 776 913 844 politiorum
953 776 1256 830 litterarum
1295 778 1497 830 cultum
1537 784 1728 830 natura
1767 777 2055 844 serebatur,

492 894 752 944 generose
814 885 1034 945 propter
1095 876 1263 931 Deum
1314 877 1675 943 continuerit;
1724 884 1776 931 et
1818 876 2059 945 corporis

492 976 937 1043 castigationibus
976 984 1190 1044 tempus
1236 975 1367 1030 illud
1413 976 1725 1044 expiaverit,
1757 993 1865 1044 quo
1904 983 2060 1030 antea

493 1075 896 1130 amoenioribus
953 1075 1145 1129 studiis
1207 1083 1300 1128 aut
1355 1075 1533 1129 minus
1596 1075 1818 1129 utilibus
1887 1075 2062 1130 indul-

493 1184 650 1230 serat.
708 1176 783 1229 lta
840 1176 1039 1229 factum
1095 1184 1192 1242 est,
1257 1183 1316 1228 ut
1375 1184 1625 1230 actuosae
1686 1175 2061 1243 impigraeque

497 1275 651 1342 vitae,
683 1276 857 1343 qualis
886 1276 1038 1330 decet
1063 1275 1343 1330 Societatis
1382 1275 1542 1342 filios,
1572 1283 1683 1329 tam
1723 1276 2058 1343 praeclarum

493 1376 796 1442 exemplum
848 1374 1175 1429 imitandum
1226 1374 1573 1443 relinqueret.

564 1475 800 1542 Utinam,
831 1475 942 1529 RR.
986 1475 1167 1529 Patres
1203 1475 1524 1543 Fratresque
1560 1473 1846 1541 carissimi,
1872 1492 2059 1529 eorum

493 1576 753 1643 exempla,
777 1560 983 1628 ‘nostris
1011 1574 1207 1628 animis
1235 1573 1446 1642 penitus
1477 1573 1760 1642 insculpta,
1785 1581 1834 1627 et
1863 1572 2060 1627 nostris

493 1692 707 1743 semper
757 1673 995 1729 subiecta
1034 1673 1221 1741 oculis,
1263 1682 1433 1728 totam
1478 1673 1620 1727 vitae
1663 1680 1896 1739 nostrae,
1949 1672 2062 1726 sive

493 1774 818 1843 apostolicae
856 1774 969 1828 sive
1008 1773 1353 1841 domesticae,
1385 1773 1650 1828 rationem
1680 1772 2057 1827 moderentur!

494 1876 711 1930 Utinam
740 1877 906 1929 tutela
933 1892 1141 1941 eorum,
1173 1892 1308 1942 quos
1336 1875 1527 1928 fratres
1553 1881 1765 1928 nostros
1793 1881 2064 1928 nostrum-

494 1994 598 2044 que
660 1976 822 2030 dccus
874 1993 1214 2041 veneramur,
1256 1983 1307 2028 et
1359 1973 1754 2028 validissimum
1804 1972 2062 2041 Deiparae

492 2075 728 2143 Virginis
780 2074 1132 2144 praesidium,
1186 2074 1338 2128 cuius
1390 2075 1524 2127 sesto
1569 2073 1656 2127 die
1706 2073 1802 2126 has
1857 2072 2061 2126 litteras

495 2178 645 2231 datas
686 2175 850 2243 volui,
893 2174 1000 2229 sint
1049 2174 1203 2228 nobis
1244 2175 1363 2228 fons
1401 2172 1710 2228 uberrimus
1750 2172 2061 2227 divinorum

496 2293 804 2343 munerum,
847 2275 1043 2343 quibus
1083 2273 1290 2328 suffulti
1335 2290 1431 2327 nos
1477 2272 1741 2340 genuinos
1784 2271 2062 2326 Societatis

496 2375 635 2430 filios
658 2376 1032 2444 praebeamuS,
1063 2382 1115 2428 et
1142 2388 1168 2422 «
1192 2373 1355 2440 digne
1381 2373 1722 2427 ambulemus
1763 2371 2060 2438 vocatione,

495 2494 602 2544 qua
641 2476 814 2530 vocati
854 2493 1059 2542 sumUS,
1090 2491 1214 2528 cum
1253 2473 1403 2528 omni
1441 2471 1811 2527 humilitate...
1847 2470 2063 2526 solliciti

496 2593 711 2630 servare
772 2575 1037 2629 unitatem
1099 2573 1321 2642 spiritus
1391 2572 1445 2626 in
1508 2572 1723 2626 vinculo
1796 2570 1971 2639 pacis!
2034 2589 2060 2624 ))

496 2677 630 2744 Eph.
686 2692 754 2729 1v.
802 2676 851 2730 l.

565 2777 650 2832 SS.
694 2775 780 2830 SS.
830 2783 881 2829 ct
926 2774 1172 2843 precibus
1219 2791 1305 2828 me
1343 2773 1494 2828 enixe
1538 2771 1879 2827 commendo.

637 2927 858 2991 Romae,
899 2924 987 2978 die
1022 2926 1155 2978 sesto
1194 2923 1279 2978 SS.
1318 2923 1529 2978 Rosarii
1568 2923 1624 2977 B.
1656 2923 1721 2976 M.
1752 2923 1811 2976 V.

920 3025 954 3078 4
991 3024 1165 3080 octob.
1209 3042 1293 3078 an.
1337 3023 1490 3079 1896.

876 3159 1115 3213 Vestrmn
1156 3157 1405 3211 omnium
1442 3155 1639 3211 Servus
1679 3155 1738 3208 in
1777 3153 1993 3208 Christo

1069 3258 1366 3311 Lnnovmns
1406 3256 1634 3323 MART1N‚
1674 3253 1724 3308 S.
1756 3254 1795 3307 Ι.
