2315 3559
397 261 465 298 DE
504 259 740 297 LITTERIS
778 258 1074 295 Excx'ctlffls
1114 259 1380 298 numm-[31
1425 261 1592 299 Gisxcs
1741 247 1774 300 3

217 413 265 458 et
288 404 540 472 pericula,
560 420 696 469 quae
718 402 1012 455 etiamnum
1037 402 1274 457 timenda
1297 412 1436 470 sunt,
1456 422 1515 457 ex
1539 404 1773 471 Epistola

217 503 487 571 Encyclica
513 502 831 555 Ham-mum
857 518 1023 567 (senus
1043 501 1365 567 colligimus,
1393 502 1627 569 Epistola
1649 520 1774 555 sane

216 603 378 668 digna
427 600 698 654 Maiestate
750 598 1044 665 Pontificem,
1104 599 1367 665 miranda,
1421 608 1775 666 aeternaeque

217 701 575 755 consecranda
602 698 914 751 memoriae.

284 801 361 853 Ad
395 817 512 853 eam
540 815 757 865 quaesO,
793 797 902 850 RH.
940 797 1037 849 PP.
1076 805 1126 850 et
1161 797 1258 850 FF.
1291 797 1345 849 in
1373 796 1582 850 Christo
1618 797 1779 850 dilec-

218 899 430 957 tissimi,
456 897 713 951 attendite
735 897 995 961 animum,
1022 903 1071 949 et
1093 913 1230 962 quae
1252 913 1347 948 nos
1370 895 1776 948 docetYicarius

218 998 432 1063 Christi,
486 1015 515 1050 a
565 996 773 1050 Christo
824 995 1051 1048 Domino
1102 995 1242 1048 dicta
1294 1003 1619 1061 reputantes,
1673 996 1778 1048 alta

220 1105 396 1150 mente
432 1095 691 1162 reponite.
722 1094 947 1147 Tristem
981 1101 1283 1161 temporum
1313 1111 1373 1146 ea
1405 1093 1618 1146 exhibet
1647 1093 1780 1146 ima-

218 1196 418 1261 ginem,
435 1212 597 1262 quam
620 1194 781 1247 etiam
804 1201 964 1260 atque
986 1193 1147 1246 etiam
1170 1192 1385 1258 intueri,
1401 1210 1461 1245 ex
1482 1193 1778 1259 eademque

219 1296 457 1349 hostium
502 1295 767 1348 Ecclesiae
813 1293 1106 1356 machinas,
1160 1293 1394 1358 fraudes,
1449 1291 1777 1359 insidiasque

219 1412 541 1461 cognoscere
585 1412 716 1461 opus
761 1402 857 1459 est,
913 1401 967 1445 ut
1019 1392 1214 1459 quibus
1264 1392 1428 1444 armis
1472 1392 1537 1445 ad
1588 1399 1778 1444 nutum

220 1492 397 1546 Sumit
434 1493 734 1545 PoxTificts
772 1491 938 1543 simus
969 1489 1160 1557 parati,
1186 1490 1351 1556 probe
1384 1489 1774 1554 intellegamus.

223 1592 522 1645 Edocemur
559 1608 617 1644 ea
654 1590 888 1657 Epistola
919 1606 1026 1641 non
1053 1589 1118 1641 ab
1154 1588 1257 1641 alio
1293 1589 1445 1641 hoste
1478 1587 1778 1640 timendum

223 1690 394 1755 magis
431 1707 542 1743 esse
581 1689 656 1742 rei
689 1688 1031 1753 christianae,
1070 1704 1234 1754 quam
1273 1705 1301 1739 a
1335 1686 1663 1740 clandestina
1691 1685 1779 1738 illa

222 1790 500 1855 Societate‚
549 1805 704 1856 quae,
747 1787 800 1839 in
844 1786 1061 1840 latebris
1106 1795 1276 1853 parta,
1325 1786 1436 1851 jam
1475 1785 1709 1853 erumpit
1753 1802 1780 1838 e

223 1888 455 1943 tenebris
495 1896 544 1941 et
582 1886 834 1940 audacius
880 1887 1163 1951 exsultans,
1204 1885 1297 1938 Dei
1335 1885 1623 1938 Ecclesiam
1659 1900 1783 1937 con-

225 1989 417 2041 vellere
453 2004 507 2039 se
547 2003 719 2053 posse,
758 1984 985 2038 1ierocius
1024 1983 1264 2049 confidit,
1307 1983 1622 2037 insolentius
1661 2000 1783 2050 pro-

223 2089 435 2141 clamat.

293 2186 451 2240 Cuius
479 2184 839 2239 clandestinae
865 2183 1143 2237 Societatis
1171 2190 1282 2236 tota
1313 2181 1450 2235 ratio
1478 2181 1781 2234 continetur

224 2286 399 2353 specie
449 2286 603 2339 fictae
659 2283 1015 2337 simulationis
1077 2290 1237 2349 atque
1292 2281 1590 2335 mendacio,
1644 2281 1778 2333 Dum

225 2385 369 2438 enim
420 2385 473 2438 id
518 2383 646 2450 agit,
695 2391 753 2436 ut
792 2384 1032 2448 honesta,
1076 2382 1243 2448 proba
1288 2389 1339 2434 et
1382 2381 1618 2433 humana
1668 2396 1780 2432 esse

229 2484 491 2550 videatur,
516 2483 647 2549 tegit
675 2501 768 2535 sua
796 2481 1016 2535 consilia
1037 2481 1311 2547 abditque‚
1337 2496 1632 2546 eorumque
1654 2496 1783 2546 pan-

229 2584 308 2637 dit.
334 2583 512 2650 aliqua
539 2583 603 2636 iis
631 2584 822 2649 solum,
859 2599 994 2649 quos
1021 2582 1085 2635 ad
1132 2589 1323 2633 nutum
1360 2580 1537 2645 habet,
1568 2586 1781 2646 paratos

230 2684 294 2736 ad
328 2683 702 2750 perpetranda,
740 2689 795 2734 ut
822 2689 1044 2749 pareant
1076 2679 1364 2747 tyrannidi,
1401 2678 1620 2745 quaevis
1660 2677 1784 2730 saci-

229 2799 378 2835 nora.
422 2781 659 2844 Quorum
698 2780 927 2833 maxime
964 2778 1229 2832 nefarium
1262 2778 1391 2831 illud
1422 2785 1517 2843 est,
1557 2783 1782 2830 evertere

231 2882 362 2934 velle
390 2880 640 2948 funditus
665 2897 801 2941 eam,
833 2897 990 2947 qnam
1024 2877 1274 2931 instituta
1302 2876 1602 2929 christiana
1630 2891 1783 2940 pepe-

230 2985 436 3045 rerunt,
501 2978 852 3044 disciplinam
921 2977 1206 3044 reliqz‘om's
1263 2976 1446 3043 reique
1514 2974 1777 3041 publicae,

230 3095 524 3145 novamque
567 3078 636 3129 acl
691 3077 971 3143 ingenium
1016 3094 1177 3128 snum
1221 3081 1506 3134 exstruere,
1549 3072 1721 3125 (luctis
1757 3088 1782 3123 e

231 3177 405 3230 medio
429 3176 803 3230 Natnrcilz'snzo
829 3174 1201 3243 fundamentis
1221 3192 1281 3226 ac
1302 3173 1523 3240 legibus.
1548 3170 1776 3238 (Encycl.

1825 2297 1944 2341 falsis
1984 2296 2157 2350 opinio-

1826 2352 1954 2414 nibus
1981 2358 2025 2395 et
2054 2365 2162 2395 coe-

1824 2414 1886 2451 tui
1899 2419 2113 2461 perverso
