2315 3559
175 269 241 307 DE
263 265 569 306 REPETENDA
590 266 661 303 ss,
682 264 1050 316 PETR1,10ANN.
1071 263 1298 301 ETALPH.
1320 262 1559 300 immonni
1596 247 1688 301 171

143 418 322 466 sancta
367 409 528 464 etiam
572 425 695 463 cum
747 407 863 476 ipso
908 407 1068 461 simul
1113 406 1482 460 Berchmanno
1527 405 1698 458 decla-

143 519 257 564 rata
300 517 379 563 est
424 507 659 561 Instituti
704 506 873 561 nostri
924 506 1078 560 ratio.

212 610 325 662 Huc
386 607 609 672 accedit,
681 606 826 674 quod
890 624 951 659 ex
1014 606 1200 658 sunere
1262 604 1351 657 illo
1420 602 1696 669 inopinato

142 709 408 773 iuventuS,
463 723 599 774 quae
644 706 749 760 Deo
801 713 909 759 tam
954 722 1076 758 cara
1122 712 1218 770 est,
1266 701 1698 757 amantissimum

143 813 296 860 nacta
358 804 426 858 sit
474 804 771 870 custodem,
831 802 981 856 cuius
1037 803 1279 869 exemplo
1335 799 1698 854 innocentiam

143 904 283 958 vitae
344 903 609 969 integram
684 909 965 955 servarunt
1025 918 1189 968 quam
1258 898 1477 968 plurimi
1492 917 1504 965 ;
1564 899 1700 952 mul-

142 1003 291 1072 tique
346 1020 464 1057 eam
520 1010 634 1055 tum
692 1000 747 1054 in
790 1000 1110 1055 Societatem
1155 1007 1414 1066 nostram,
1473 1006 1588 1052 tum
1645 998 1699 1052 in

143 1102 272 1156 alias
334 1101 620 1156 hominum
676 1100 1055 1167 religiosorum
1124 1098 1354 1153 familias
1416 1099 1702 1153 intemera-

143 1211 252 1257 tam
292 1202 606 1256 intulerunt.

212 1301 506 1355 Maerorem
551 1300 785 1368 denique
830 1307 881 1354 et
914 1301 1136 1366 luctum,
1179 1315 1341 1366 quem
1381 1315 1441 1352 ex
1486 1297 1699 1352 Ioannis

145 1401 294 1455 obitu
344 1400 485 1468 cepit
527 1400 779 1466 Societas,
828 1400 1026 1453 solatus
1072 1406 1151 1452 est
1194 1398 1349 1464 DeUS,
1392 1397 1699 1451 suscitando

145 1501 322 1555 virum
398 1518 674 1568 magnum,
740 1500 1014 1567 gigantem
1089 1498 1336 1565 dixerim,
1408 1497 1500 1566 qui
1563 1515 1700 1550 unus

144 1608 282 1655 esset
319 1600 486 1654 instar
531 1599 909 1667 plurimorum.

211 1700 601 1767 Carthagenam
657 1699 802 1753 enim
857 1698 945 1752 hic
999 1704 1317 1766 pervenerat
1371 1705 1422 1751 et
1477 1696 1702 1751 feliciter

145 1800 252 1854 iam
315 1807 429 1854 erat
489 1797 793 1866 auspicatus
849 1797 1088 1852 laborem
1144 1797 1438 1864 ingentem,
1493 1796 1703 1851 inaudi-

144 1907 259 1953 tum
298 1900 426 1964 fere,
457 1915 554 1965 pro
592 1897 878 1952 hominum
907 1897 1151 1952 omnium
1180 1896 1500 1951 miserrimis
1529 1914 1704 1950 susce-

145 2006 317 2066 ptum,
365 1998 699 2051 fructuosum
739 2014 865 2051 vero
921 2014 1093 2065 usque
1148 2014 1230 2063 eo,
1271 2003 1330 2050 ut
1369 2014 1429 2050 eo
1486 2004 1703 2050 auctore

146 2115 204 2151 ac
277 2098 411 2152 duce
479 2106 699 2151 centena
771 2096 1057 2150 hominum
1122 2095 1272 2150 milia
1333 2113 1388 2149 se
1449 2096 1516 2150 ad
1586 2096 1701 2149 Iesu

146 2198 341 2253 Christi
386 2198 550 2253 fidem
601 2197 944 2253 contulerint.

214 2297 576 2353 Admirandus
632 2299 720 2352 ille
777 2297 858 2351 vir
919 2297 1161 2352 eiusdem
1218 2313 1340 2350 cum
1402 2295 1451 2350 S.
1507 2296 1703 2349 Ioanne

147 2396 351 2464 gloriae
395 2397 680 2465 particepS,
729 2397 919 2451 eodem
964 2396 1069 2463 die,
1117 2397 1305 2451 eadem
1355 2396 1506 2461 hora,
1560 2393 1705 2448 exhi-

147 2495 290 2549 bitus
334 2504 413 2550 est
455 2497 653 2564 populo
709 2496 854 2550 fideli
910 2495 1226 2550 Sanctorum
1281 2495 1426 2548 cultu
1476 2493 1531 2547 in
1591 2500 1703 2546 toto

149 2607 417 2654 terrarum
459 2599 586 2654 orbe
638 2600 992 2654 venerandus,

893 2824 962 2877 ΙΙΙ

221 2996 388 3059 Quem
427 2998 492 3051 ad
533 2997 756 3050 modum
803 2996 1057 3050 Indorum
1097 2996 1147 3050 S.
1192 2995 1502 3049 Franciscus
1541 2995 1706 3047 Xave-

154 3094 283 3161 riUS,
332 3094 404 3149 ita
458 3095 791 3162 Nigritarum
836 3093 886 3149 S.
947 3095 1133 3150 Petrus
1188 3094 1374 3149 Claver
1422 3092 1704 3160 Apostolus

155 3194 347 3250 merito
387 3204 465 3250 est
513 3196 825 3264 appellatus,

1804 2999 1844 3042 S.
1865 2998 2019 3042 Petrus

1839 3053 1993 3097 Claver
