2315 3559
283 1977 387 2021 nihil

187 2033 477 2087 trepidantes,

558 224 626 279 ⁶20
775 241 1026 280 EPISTOLA
1064 242 1112 280 a.
1156 243 1203 281 P.
1245 243 1463 281 ANTONII
1503 243 1559 281 M.
1601 243 1909 281 ANDERLEDY

553 386 778 440 dioecesi
824 388 1226 454 suspendantur
1281 395 1395 442 tum
1449 388 1706 456 obliyatio
1754 389 2120 443 denuntiandi

552 492 818 539 sectarum
867 487 1087 540 occultos
1129 487 1448 554 coryphaeos
1490 493 1539 540 et
1579 488 1751 554 duceS,
1801 494 1914 541 tum
1952 489 2118 542 eliam

554 585 841 639 reservatio
867 603 1237 639 censurarum.
1263 586 1447 652 Neque
1469 585 1647 638 minus
1668 593 1935 653 constanS,
1954 604 2118 652 quam

554 693 867 752 promptum
906 692 957 738 et
988 685 1161 738 alacre
1203 684 1441 738 studium
1479 684 1556 738 rei
1589 684 1825 750 gravitas
1862 686 2114 752 postulat.

554 784 806 850 Magnum
835 783 979 838 enim
1012 792 1090 838 est
1128 784 1271 851 quod
1302 800 1580 850 conamur,
1619 783 1846 850 dignum
1880 801 2024 851 sane,
2062 784 2117 839 in

552 900 660 950 quo
692 883 828 937 vitae
866 883 1193 936 curriculum
1227 881 1594 935 conficiamus
1635 881 1767 935 Cum
1805 882 1948 935 enim
1982 883 2116 937 tanti

551 981 813 1035 momenti
863 999 978 1035 rem
1023 998 1137 1035 esse
1186 980 1397 1034 duxerit
1445 979 1697 1034 Summus
1749 980 2006 1049 Pontifex,
2060 990 2118 1035 ut

551 1081 714 1134 totius
753 1081 898 1134 orbis
931 1080 1221 1148 Episcopos
1260 1081 1326 1134 ad
1366 1081 1621 1134 tuendam
1658 1088 1843 1134 contra
1880 1082 2119 1135 clandes-

550 1181 687 1234 tinas
738 1180 1018 1234 societates
1069 1198 1183 1233 rem
1234 1180 1554 1234 catholicam
1604 1180 1930 1248 invitaverit,
1985 1181 2115 1235 illud

548 1297 707 1333 curae
745 1279 900 1333 nobis
939 1279 1024 1346 sit,
1068 1287 1126 1332 ut
1164 1280 1294 1333 haec
1334 1279 1532 1333 vicaria
1569 1279 1662 1333 Dei
1705 1296 1818 1347 vox,
1854 1279 2116 1347 quamdiu

551 1378 746 1432 virium
769 1378 975 1446 aliquid
1008 1379 1063 1432 in
1096 1379 1251 1432 nobis
1274 1387 1371 1445 est,
1397 1379 1659 1446 quamdiu
1690 1379 1855 1432 vitam
1883 1379 2113 1447 agimuS,

547 1480 801 1547 percellat
828 1496 918 1532 eos
955 1478 1049 1546 qui
1087 1478 1451 1533 clandestinae
1483 1486 1657 1532 sectae
1688 1478 1764 1532 rei
1793 1486 1933 1546 sunt,
1965 1486 2116 1533 sonet

546 1579 600 1632 in
644 1579 864 1633 auribus
915 1578 1180 1646 omnium,
1222 1579 1632 1647 periculumque
1677 1578 1973 1633 denuntiet.
2016 1578 2113 1632 Hic

546 1679 689 1732 enim
717 1678 1049 1733 constantiae
1081 1678 1285 1732 fructus
1316 1686 1498 1732 noster
1535 1695 1648 1732 esse
1679 1678 1855 1745 debet,
1885 1685 1944 1731 ut
1969 1679 2115 1732 nulla

545 1787 688 1832 aetas
723 1777 1035 1832 Pontificiae
1077 1778 1347 1846 Epistolae
1374 1777 1684 1832 oblitterare
1704 1777 1874 1846 possit
1911 1794 2116 1831 memo-

545 1878 700 1931 riam.

613 1979 718 2032 Nec
745 1979 915 2031 ullum
947 1995 1044 2031 nos
1070 1977 1390 2046 periculum,
1427 1978 1571 2030 nulla
1597 1984 1796 2030 terreat
1846 1976 2108 2031 molestia.

543 2079 661 2132 Non
711 2078 904 2132 terruit
948 2077 1225 2131 inimicam
1275 2076 1541 2130 Ecclesiae
1591 2076 1900 2130 societatem
1939 2076 2109 2144 labor,

544 2194 650 2231 non
711 2177 891 2231 attulit
946 2177 1294 2231 formidinem
1350 2176 1660 2231 discrimen.
1713 2175 1942 2243 Operam
1997 2175 2113 2230 eius

544 2278 774 2331 asseclae
801 2284 1097 2345 posuerunt
1123 2276 1178 2330 in
1205 2293 1262 2330 re
1288 2275 1538 2344 pessima,
1573 2275 1923 2342 laboremque
1949 2276 2110 2341 longo

545 2385 788 2445 tempore
828 2376 1093 2431 sustinent
1108 2395 1120 2443 ;
1170 2375 1310 2430 vitae
1354 2375 1615 2429 iacturam
1661 2375 1900 2428 fecerunt
1945 2391 2109 2442 quam

544 2479 784 2547 plurimi.
820 2480 926 2533 Nos
960 2496 1085 2533 vero
1120 2480 1186 2533 de
1217 2496 1376 2532 causa
1404 2477 1740 2532 sanctissima
1766 2494 1873 2531 non
1903 2477 2112 2531 labora-

544 2578 760 2632 bimus?
797 2578 1183 2633 Cunctabimur
1214 2578 1455 2645 sortasse,
1495 2577 1746 2631 cedemus
1786 2576 2106 2643 difficultati,

546 2677 842 2744 molestiae,
881 2677 1197 2732 formidini?
1233 2676 1607 2730 Narrabuntne
1645 2674 1844 2742 posteri
1876 2691 1972 2727 nos
2006 2681 2109 2727 tre-

545 2775 1149 2844 pidasse?Trepidasse‘l
1163 2776 1292 2830 dum
1314 2775 1505 2829 ducem
1522 2774 1576 2827 in
1590 2773 1844 2827 Vaticano
1863 2781 2106 2826 nostrum

543 2875 905 2942 conspicimus
961 2874 1318 2944 impavidum,
1379 2873 1620 2939 LEONEM,
1679 2881 1775 2940 tot,
1834 2871 1927 2939 qui
1983 2888 2106 2925 eum

543 2973 784 3040 cingunt,
826 2974 1071 3028 hostibus
1109 2990 1216 3027 non
1247 2973 1545 3040 cedentem,
1587 2972 1677 3026 sed
1716 2971 2101 3039 imperantem;

545 3088 650 3125 uon
678 3073 1075 3140 deprecantem,
1111 3071 1202 3125 sed
1241 3070 1581 3125 minitantem
1619 3077 1780 3137 atque
1814 3085 1921 3122 non
1952 3067 2110 3121 dubia.

546 3178 747 3226 tantem
774 3172 841 3225 ad
876 3170 1155 3226 christiani
1187 3169 1423 3224 hominis
1460 3169 1633 3224 officia
1664 3185 1754 3223 eos
1784 3168 1928 3235 ipsos
1955 3183 2110 3220 revo-.
