2315 3559
205 241 271 279 DE
292 240 596 279 REPETENDA
618 240 689 277 ss,
710 239 1078 289 PETR1,10ANN.
1099 239 1326 276 ETALPII.
1348 239 1585 277 MEMORIA
1623 225 1723 279 175

169 384 376 452 putido,
452 384 507 437 in
592 384 812 449 foetore,
889 400 995 450 quo
1070 382 1215 435 infici
1298 382 1720 436 valentissimum

168 499 458 550 quemque,
490 481 673 550 repelli
713 481 893 535 animo
934 480 1287 534 fortissimum
1339 497 1551 534 necesse
1590 489 1718 534 erat.

167 581 611 636 Obtundebantur
641 597 797 634 aures
831 580 1036 646 gemitu
1063 579 1247 645 flebili,
1280 579 1479 632 eiulatu
1508 579 1722 645 lugubri

166 679 450 733 hominum
512 678 855 745 miserorum,
910 677 1003 745 qui
1054 695 1107 731 se
1159 677 1553 730 infelicissimos
1611 695 1723 731 6556

166 778 616 832 lamentabantur.

232 878 359 931 Tam
421 878 572 931 triste
633 878 996 945 spectaculum
1052 893 1149 930 nec
1208 893 1389 930 arcere
1444 875 1722 929 caritatem

167 977 326 1044 Petri,
391 994 486 1031 nec
548 977 794 1043 frangere
849 975 1205 1030 constantiam
1263 975 1428 1029 animi
1492 984 1718 1043 poterat.

165 1076 357 1131 Contra
407 1075 579 1142 magis
618 1075 779 1129 etiam
826 1075 1144 1129 incendebat
1187 1074 1428 1127 animum
1475 1082 1525 1128 et
1570 1074 1725 1127 indu-

165 1173 352 1227 striam
391 1174 631 1228 acuebat.
664 1173 919 1237 Quotiens
961 1172 1041 1226 vir
1085 1172 1174 1226 ille
1223 1172 1486 1226 mirabilis
1538 1181 1723 1226 nactus

163 1273 400 1340 aliquem
429 1281 542 1327 erat
567 1290 694 1340 prae
721 1272 910 1327 ceteris
938 1273 1243 1325 ulcerosum
1283 1271 1720 1339 squalidumque,

163 1372 266 1426 sibi
338 1373 654 1440 gratulatus,
731 1372 1060 1438 singularem
1128 1370 1337 1424 homini
1410 1370 1723 1425 calamitoso

163 1471 506 1539 impertiebat
583 1488 825 1524 amorem
904 1488 962 1524 ac
1042 1469 1490 1536 misericordiam,
1567 1469 1723 1537 eique

163 1588 393 1638 summa,
440 1579 499 1624 ut
547 1570 756 1625 Christo
808 1569 1056 1635 Domino,
1099 1569 1365 1623 serviebat
1402 1569 1718 1622 reverentia.

163 1670 491 1737 Frequenter
543 1669 724 1736 etiam,
771 1687 837 1722 ne
899 1667 1075 1722 dicam
1131 1667 1347 1734 cotidie,
1403 1668 1724 1722 admovebat

163 1769 305 1822 labia
354 1769 591 1823 horridis
647 1767 971 1822 vulneribus,

228 1867 451 1935 Accidit,
495 1875 553 1921 ut
590 1867 771 1922 odoris
812 1866 1065 1920 foeditate
1105 1873 1156 1919 et
1193 1866 1434 1919 ulcerum
1473 1867 1723 1933 squalore

162 1967 556 2034 depellerentur
606 1966 709 2036 ipsi
759 1966 1017 2033 Nigritae,
1072 1965 1215 2019 solus
1265 1973 1443 2019 autem
1507 1965 1721 2019 Pretrus

161 2065 454 2120 immobilis
539 2066 867 2134 persisteret.
947 2065 1051 2135 [psi
1131 2064 1293 2119 etiam
1372 2083 1431 2119 ex
1505 2066 1721 2119 vulnere

161 2164 327 2231 aegri,
357 2164 607 2232 putidum
645 2173 865 2231 gravate
903 2184 1060 2220 suum
1099 2165 1439 2234 perferebant
1476 2163 1718 2231 odorem,

160 2263 262 2317 sibi
311 2272 463 2318 erant
516 2264 667 2318 oneri
716 2282 777 2318 ac
826 2265 1042 2319 fastidio
1093 2274 1144 2320 et
1186 2283 1216 2319 a
1260 2282 1313 2318 se
1359 2264 1723 2317 abhorrebant

159 2362 281 2431 ipsi.
329 2362 611 2430 Rogabant
654 2362 731 2416 illi
787 2372 1030 2418 sanctum
1073 2365 1269 2430 virum,
1311 2371 1370 2416 ut
1420 2363 1637 2430 paulum
1692 2380 1722 2416 a

160 2478 215 2516 se
273 2461 601 2527 abscederet,
666 2479 730 2516 ne
790 2463 1268 2518 contaminaretur.
1335 2462 1382 2515 ls
1447 2478 1570 2516 vero
1632 2478 1721 2515 eos

159 2560 321 2614 solari
383 2561 554 2627 magis
615 2560 779 2615 etiam
834 2569 1020 2616 tenero
1077 2563 1343 2630 amplexu,
1391 2578 1450 2614 ac
1512 2578 1720 2614 moram

161 2661 333 2715 facere
383 2659 801 2727 diuturniorem,
842 2661 935 2715 ubi
974 2679 1132 2716 nemo
1179 2661 1424 2715 omnium
1473 2678 1538 2715 ne
1588 2679 1722 2728 pun-

160 2766 306 2813 ctum
355 2759 616 2827 temporis
661 2759 882 2827 quidem
922 2768 1131 2828 poterat
1179 2760 1488 2815 consistere.

227 2858 391 2912 Tanta
440 2858 653 2913 heroice
703 2858 757 2912 in
807 2860 909 2913 hoc
958 2877 1153 2927 genere
1203 2859 1344 2926 fecit,
1397 2868 1456 2913 ut
1506 2859 1549 2912 si
1599 2859 1719 2926 quis

162 2958 243 3011 vel
285 2975 450 3012 unam
489 2957 693 3012 subiret
735 2967 924 3026 sponte
973 2959 1205 3013 similem
1246 2959 1566 3026 molestiam,
1603 2976 1720 3012 san-

160 3057 355 3111 ctitatis
401 3057 502 3111 sibi
552 3058 765 3111 laudem
799 3057 1096 3113 ascisceret.
1121 3058 1247 3113 Viro
1286 3067 1465 3112 autem
1501 3075 1720 3124 magna-

159 3156 308 3210 nimo
363 3157 493 3212 haec
548 3164 700 3211 erant
760 3157 1117 3225 quadraginta
1175 3159 1342 3212 ferme
1398 3158 1550 3211 annis
1611 3174 1716 3211 non

160 3258 466 3327 frequentia
514 3260 709 3327 solum,
761 3258 854 3314 sed
905 3259 1128 3316 sortasse
1176 3259 1464 3315 cotidiana.
