2315 3559
538 231 639 288 152
710 249 960 290 EP1sroLA
999 252 1048 291 R.
1091 253 1138 292 P.
1181 254 1232 292 N.
1274 253 1393 292 ANT.
1444 253 1569 293 MAR.
1621 253 1929 293 ANDERLEDY

256 398 401 479 133}an
542 394 769 463 implere
849 415 1062 453 omnem
1141 399 1435 453 iustitiam.
1512 398 1676 454 Movit
1746 417 1869 454 eum
1943 401 2103 456 vehe-

204 480 455 564 Cfsslssffiffri
540 502 749 550 menter
796 513 950 550 amor
997 497 1194 552 Christi
1243 498 1478 566 Domini,
1519 499 1604 553 cui
1642 498 2010 565 gratissimam
2048 500 2103 554 in

538 594 728 662 primis
763 596 876 651 fore
909 597 1226 652 fidelitatem
1261 598 1316 651 in
1355 599 1664 665 regularum
1700 616 1923 653 munere
1961 617 2104 654 exse-

536 696 753 762 quendo
801 696 1124 751 confidebat.
1179 697 1345 752 Movit
1392 715 1544 752 amor
1592 697 1890 766 SocietatiS‚
1939 716 2101 767 quem

535 812 698 864 opere
752 803 1007 851 testatum
1049 797 1235 865 voluit,
1294 814 1402 852 non
1457 797 1707 852 laudibus
1764 805 1973 852 tantum
2035 798 2100 852 iis

534 912 673 963 quae
710 895 983 965 speciosae
1023 895 1219 963 verbiS,
1264 914 1321 951 re
1358 904 1539 951 autem
1578 896 1763 951 inanes
1802 915 2102 964 agnoscun—

534 1002 638 1050 tur.
689 995 855 1050 Movit
902 995 1347 1050 ardentissimum
1398 996 1694 1051 sanctitatis
1745 997 2096 1065 desiderium,

532 1112 698 1163 quam
725 1096 871 1150 nulla
903 1096 1153 1151 breviore
1181 1096 1286 1164 via,
1317 1098 1463 1151 nulla
1502 1097 1674 1164 magis
1709 1115 1896 1152 secura
1935 1115 2099 1166 quam

533 1196 862 1263 regularum,
892 1196 1150 1264 consequi
1178 1213 1233 1250 se
1260 1213 1416 1264 posse
1436 1213 1754 1264 persuasum
1775 1197 2025 1251 habebat.

600 1294 773 1358 Quare
822 1302 882 1348 ut
930 1303 1174 1350 sanctum
1233 1313 1391 1350 suum
1449 1296 1693 1350 animum
1744 1298 1994 1352 redderet
2044 1297 2099 1352 in

531 1395 645 1450 dies
683 1395 1027 1463 sanctiorem,
1068 1397 1250 1463 legum
1294 1403 1603 1450 nostrarum
1648 1396 1792 1451 iussa
1834 1414 1901 1452 ne
1941 1397 2100 1451 mini-

533 1512 620 1549 ma
658 1496 880 1564 quidem
927 1495 1271 1564 praeteribat.
1320 1495 1453 1550 Sunt
1492 1504 1672 1550 autem
1716 1497 1848 1551 haec
1892 1497 2100 1566 sapien-

531 1594 740 1650 tissima
778 1602 894 1649 tum
934 1595 1000 1649 de
1039 1595 1284 1650 oratione
1311 1603 1363 1650 et
1388 1595 1768 1651 coniunctione
1805 1614 1928 1651 cum
1967 1597 2093 1665 De0,

531 1701 648 1749 tum
693 1696 759 1750 de
802 1694 951 1749 omni
996 1694 1203 1749 ratione
1250 1695 1464 1750 vivendi
1510 1695 1564 1749 in
1608 1694 1886 1751 Societate.

230 1791 413 1893 Effagnlciiis
602 1794 686 1850 15.
741 1793 982 1849 Orationi
1032 1794 1278 1863 apprime
1328 1795 1542 1850 deditus
1593 1814 1716 1852 cum
1767 1804 1922 1864 esset,
1983 1814 2098 1851 mo—

397 1883 407 1902 '
534 1895 665 1950 dum
710 1912 740 1949 a
782 1894 832 1949 S.
890 1895 1115 1949 Parente
1164 1895 1426 1950 traditum
1476 1896 1692 1951 tenebat
1735 1914 1932 1964 magna
1976 1897 2099 1951 reli-

531 1994 692 2062 gione
730 2002 783 2050 et
819 1994 1141 2062 constantia,
1184 2013 1243 2049 ac
1282 1996 1451 2050 Deum
1490 1997 1745 2065 precandi
1778 1998 2096 2053 methodum

530 2095 735 2150 vitabat
784 2095 1117 2163 singularem
1172 2095 1437 2164 nobisque
1492 2096 1784 2152 insolitam.
1837 2099 2096 2155 Accurate

528 2195 794 2264 servabat,
836 2213 976 2264 quae
1002 2213 1197 2251 aureus
1233 2196 1624 2251 Exercitiorum
1662 2197 1799 2253 liber
1835 2216 1931 2254 nos
1971 2201 2096 2255 edo-

527 2303 627 2364 cet,
681 2313 930 2365 quaeque
980 2295 1212 2351 mirifice
1262 2295 1448 2351 iuvant
1496 2305 1611 2351 tum
1657 2298 2093 2355 coniunctionem

526 2413 650 2451 cum
690 2395 817 2464 De0,
859 2403 974 2450 tum
1025 2395 1385 2451 conscientiae
1422 2397 1734 2465 puritatem.
1783 2399 1956 2467 Atque
1994 2401 2093 2455 hac

527 2494 613 2550 via
651 2495 705 2551 id
750 2502 1025 2550 assecutus
1070 2502 1167 2563 est,
1215 2503 1275 2549 ut
1323 2495 1567 2551 animum
1618 2497 1789 2552 libens
1839 2501 2094 2555 transfer-

526 2601 608 2649 ret
651 2593 705 2648 in
755 2594 943 2662 Deum,
997 2601 1159 2663 atque
1203 2594 1442 2649 vicissim
1494 2596 1630 2650 Deus
1691 2596 1985 2653 liberaliter
2033 2617 2092 2654 ac

526 2693 730 2762 prolixe
757 2692 834 2747 illi
862 2711 917 2748 se
945 2693 1267 2762 impertiret.
1308 2694 1609 2750 Plurimum
1655 2696 1822 2764 igitur
1854 2697 1909 2751 in
1943 2699 2091 2753 omni

527 2793 789 2848 virtutum
816 2810 1013 2861 genere
1039 2794 1357 2862 proficiebat
1380 2813 1392 2861 ;
1423 2795 1517 2864 qui
1552 2796 1756 2850 fructus
1783 2814 1897 2851 esse
1934 2798 2093 2853 debet

525 2893 664 2963 piae,
710 2910 1000 2961 germanae
1044 2911 1103 2948 ac
1142 2893 1344 2949 solidae
1394 2895 1738 2964 precationis.
1781 2896 1950 2960 Quam
1995 2898 2089 2965 qui

525 2995 800 3063 deserunt,
853 3011 961 3049 non
1012 3011 1153 3062 rarO,
1207 2995 1283 3063 pii
1334 2996 1436 3050 viri
1487 2997 1617 3051 dum
1669 2997 1901 3065 speciem
1958 3015 2086 3065 prae

525 3113 581 3151 se
635 3096 832 3163 ferunt,
887 3094 1109 3164 proprio
1160 3095 1430 3151 ducuntur
1481 3115 1660 3165 sensu,
1720 3097 1822 3151 sibi
1878 3097 2085 3152 obtem-

525 3203 749 3266 perant;
801 3195 1175 3252 oboedientiae
1226 3214 1371 3265 vero,
1420 3206 1478 3253 ut
1527 3216 1622 3267 par
1672 3205 1767 3266 est,
1816 3197 2081 3254 rationem
