2315 3559
264 217 330 255 DE
355 216 611 256 VANITATE
638 216 816 255 RERUM
844 216 1177 255 HUMANARUM
1206 215 1593 254 CONTEMNENDA
1629 199 1731 256 ⁶233

243 360 395 416 Sicut
421 361 668 426 dolenteS‚
709 359 800 426 ait,
843 361 1161 427 accepimm,
1203 360 1309 413 alii
1352 360 1570 428 quidem
1608 378 1730 426 apo-

174 461 389 514 stolicas
418 462 552 528 leyes
590 478 649 513 ac
680 466 964 527 praecepta
991 460 1310 513 huiusmodi
1450 460 1519 512 ad
1544 476 1724 512 eorum

176 560 475 613 arbitrium
560 559 987 625 interpretante&
1066 559 1290 627 feminis
1514 559 1729 611 aditum

179 659 600 727 inpressumque,
633 665 743 711 tam
780 659 1065 726 manifeste
1096 675 1155 711 ac
1185 664 1333 711 tanta
1369 657 1727 711 sollemnitate

175 758 416 823 vetitum,
492 757 854 824 permittunt;
926 757 1033 810 alii
1110 774 1228 810 vero
1294 757 1597 824 privilegia

173 856 453 924 facultates
627 856 949 923 eoecoyitatas
1009 855 1359 910 concessiones
1406 855 1515 909 sibi
1559 855 1728 923 factas

263 956 612 1022 obtendentes,
643 955 877 1024 feminas
997 956 1147 1009 int-ra
1183 956 1635 1009 monasteriorum

174 1062 355 1122 saepta
471 1055 694 1108 admitti
720 1073 778 1108 ac
805 1055 975 1121 recipi
999 1055 1208 1108 sinunt.

240 1154 386 1208 Hinc
423 1160 514 1220 est,
545 1155 681 1222 quod
716 1154 821 1208 Nos
947 1154 1107 1207 iustis
1143 1154 1306 1207 etiam
1346 1152 1722 1220 Superiorum,

174 1254 514 1322 aliorumque
561 1253 804 1306 virorum
848 1270 912 1307 ep
947 1253 1219 1320 religiosis
1269 1251 1585 1318 Ordinibus,
1627 1252 1729 1306 Dei

175 1354 426 1407 honorem
474 1359 523 1407 et
563 1353 815 1407 Instituti
862 1353 952 1406 sui
1003 1352 1358 1419 disciplinam
1408 1351 1722 1418 zelantium‚

171 1453 704 1520 expostulationibus,
735 1454 797 1507 de
822 1459 944 1506 ante
981 1454 1141 1506 dictis
1177 1452 1560 1520 similibusque
1597 1452 1727 1505 abu-

171 1553 321 1606 sibus
348 1553 408 1606 in
445 1552 558 1606 dies
595 1554 966 1619 admonemur,
996 1559 1056 1605 ut
1091 1558 1451 1619 opportunum
1488 1569 1548 1604 ac
1583 1552 1728 1604 salu-

173 1659 286 1706 tare
331 1653 525 1706 iisdem
575 1652 832 1705 abusibus
882 1652 1129 1705 tollendis
1267 1651 1569 1705 remedium
1607 1651 1728 1720 affe-

172 1770 378 1805 ramus.

240 1850 350 1905 Hoc
394 1858 574 1904 autem
619 1849 775 1903 affert
818 1849 1140 1916 remedium,
1182 1850 1325 1916 leges
1373 1849 1488 1903 illas
1533 1851 1727 1905 confir-

173 1967 343 2017 manS,
391 1967 530 2017 quae
573 1950 638 2004 de
688 1948 942 2003 Clausum
985 1950 1121 2003 latae
1165 1949 1273 2003 iam
1317 1950 1552 2004 fuerunt.

238 2050 570 2104 Auctoritate
617 2050 921 2116 apostolica,
981 2049 1055 2103 ita
1105 2048 1268 2104 edicit
1440 2068 1619 2104 omnes
1678 2058 1726 2106 et

169 2150 417 2218 singulas
460 2149 858 2203 constitutiones
992 2167 1023 2202 a
1065 2149 1327 2203 Romanis
1369 2150 1725 2216 Pontificibus

173 2255 283 2303 tam
321 2254 460 2314 ante,
503 2266 666 2316 quam
706 2254 825 2314 post
864 2247 1099 2302 Concilii
1147 2249 1456 2303 Tridentini
1498 2250 1720 2316 decreta,

169 2364 329 2414 super
404 2346 678 2401 Clausura
747 2347 1199 2402 Monasteriorum
1271 2365 1726 2417 quorumcumque

170 2447 549 2515 religiosorum
584 2446 837 2500 Virorum
879 2448 1050 2501 editas
1093 2465 1412 2502 renovamus
1453 2454 1502 2502 et
1538 2449 1724 2515 confir-

170 2563 404 2611 mamm,
455 2562 656 2598 necnon
706 2545 767 2598 in
803 2552 1078 2612 posterum
1121 2547 1185 2599 ab
1230 2547 1480 2600 omnibus
1522 2553 1571 2600 et
1611 2548 1725 2601 sin-

170 2655 335 2722 yulis,
372 2656 442 2708 ad
485 2673 610 2723 quos
652 2661 848 2722 spectat
882 2662 931 2709 et
967 2656 1027 2709 in
1070 2656 1321 2723 futurum
1363 2658 1619 2724 spectabit

173 2753 566 2808 inviolabiliter
613 2754 964 2808 observandas
1018 2772 1124 2808 esse
1177 2756 1488 2822 statuimus,
1553 2757 1724 2810 decer-

172 2853 358 2906 nimus
400 2859 449 2906 et
478 2853 849 2920 praecipimus
886 2860 1041 2922 atque
1078 2855 1422 2908 mandamus,

241 2950 372 3005 Dein
415 2959 630 3006 revocat
679 2959 730 3005 et
790 2951 965 3006 abolet
1013 2952 1208 3006 Christi
1264 2952 1503 3007 Vicarius
1561 2971 1723 3021 quae-

173 3068 406 3118 cumque
463 3051 678 3105 Indulta
727 3058 779 3104 et
806 3050 1091 3117 Privilegia
1135 3051 1456 3105 admittendi
1496 3052 1720 3106 feminas

173 3149 315 3204 intra
341 3149 652 3206 Clausuram
684 3149 1055 3205 Conventuum
1082 3168 1423 3219 quacumque
1451 3152 1516 3206 de
1542 3168 1717 3217 causa,

1811 1037 1907 1068 Ben.
1924 1037 2016 1069 XIV
2031 1045 2064 1069 c.

1825 1078 2045 1119 Regularis

1791 1118 2023 1159 disciplinae
2039 1118 2078 1150 d.

1872 1162 1892 1191 3
1909 1161 1994 1192 Ian.

1842 1201 1935 1233 1712.
1951 1201 1983 1242 §-
1998 1202 2030 1233 2.

1861 1751 1916 1784 Π).
1933 1751 1965 1792 g,
1980 1752 2012 1783 3.

1854 2864 1956 2905 1b.§.
1971 2867 2004 2899 3.
