2315 3559
213 245 280 283 DE
301 245 605 284 REPETENDA
627 246 1334 299 SS.PETR1,IOANN.ETALP11.
1356 251 1590 290 MEMORIA
1631 238 1730 292 179

246 389 329 444 12.
395 390 596 444 Morem
658 391 823 458 gessit
890 392 1224 448 sanctissime
1304 395 1501 460 regulis
1569 396 1730 449 etiam

179 488 438 556 minimis,
492 489 596 543 illis
651 490 812 544 etiam
868 509 1005 559 quae
1050 493 1281 546 fructum
1328 510 1520 560 operae
1565 494 1733 562 impe-

178 586 293 641 dire
345 588 680 643 videbantur.
730 590 792 643 Et
835 591 1082 658 quamvis
1127 592 1347 646 omnino
1392 610 1446 646 se
1491 593 1734 646 devovis-

177 695 255 740 set
304 687 587 742 hominum
649 689 806 743 saluti
867 697 1028 757 atque
1078 691 1237 743 huius
1287 692 1500 745 arderet
1549 708 1734 745 amore

177 785 497 854 incredibili,
560 787 826 855 potiorem
890 795 1069 843 tamen
1131 807 1342 857 semper
1402 790 1730 856 regularum,

176 902 340 952 quam
385 903 629 954 operum,
666 887 930 942 rationem
970 888 1043 942 ita
1087 889 1335 957 habebat,
1372 898 1431 943 ut
1474 889 1733 957 quicquid

175 984 353 1052 operis
409 985 665 1040 incolumi
720 989 905 1054 regula
955 988 1073 1042 fieri
1128 1006 1234 1042 non
1284 997 1481 1058 posset,
1524 989 1734 1043 etiamsi

177 1087 345 1139 multa
372 1085 473 1139 sibi
512 1086 578 1141 de
615 1104 676 1141 eo
704 1087 1064 1155 polliceretur,
1103 1088 1216 1143 sine
1245 1106 1395 1143 mora
1433 1106 1539 1143 non
1579 1088 1736 1143 omit-

175 1193 311 1239 teret
359 1187 551 1253 solum,
605 1188 696 1241 sed
746 1187 890 1241 illius
940 1188 1299 1256 persequendi
1349 1188 1633 1242 consilium
1685 1196 1736 1243 et

176 1285 560 1352 cogitationem
605 1288 761 1354 plane
810 1286 1061 1342 abiceret.

242 1383 325 1439 13.
379 1384 477 1448 Qui
527 1393 651 1439 sunt
693 1386 924 1454 operosi,
978 1395 1200 1441 naturae
1250 1387 1522 1441 interdum
1573 1394 1734 1453 atque

174 1483 333 1549 genio
388 1484 686 1552 indulgent,
757 1485 988 1553 ideoque
1054 1503 1161 1539 non
1222 1494 1345 1540 sunt
1405 1485 1730 1551 admirandi,

174 1584 492 1652 praesertim
529 1585 574 1638 si
613 1585 913 1640 ministeria
962 1587 1315 1654 praetendant
1362 1587 1428 1641 ad
1473 1603 1735 1654 usurpan-

175 1683 299 1737 dam
362 1682 464 1736 sihi
531 1683 854 1738 libertatem.
921 1684 1020 1747 Qui
1083 1702 1208 1739 vero
1270 1686 1480 1751 regulas
1548 1701 1734 1738 omnes

174 1782 394 1836 omnino
422 1790 744 1837 venerantur
769 1792 1049 1851 tamquam
1087 1784 1303 1838 vivendi
1332 1785 1561 1838 formam
1601 1783 1737 1838 divi-

174 1882 317 1937 nitus
385 1883 659 1952 traditam,
735 1885 938 1953 quique
1011 1885 1142 1939 dum
1220 1884 1505 1939 hominum
1578 1883 1735 1938 saluti

175 1991 382 2051 vacant,
430 1984 544 2051 regi
589 1984 751 2038 etiam
797 1985 1201 2039 moderatorum
1251 1985 1524 2038 voluntate
1574 1991 1735 2052 atque

173 2084 399 2138 arbitrio
437 2085 640 2151 volunt,
675 2084 733 2138 hi
766 2102 874 2140 non
912 2084 1187 2139 communi
1227 2085 1389 2139 modo
1428 2102 1486 2139 ac
1526 2084 1734 2150 vulgari

174 2182 281 2237 Deo
332 2183 572 2238 serviunt
615 2191 668 2238 et
711 2184 996 2239 hominum
1035 2183 1213 2251 saluti,
1244 2185 1335 2239 sed
1364 2201 1514 2238 more
1553 2183 1736 2238 rectis-

174 2281 309 2336 sime
353 2282 693 2350 operantium
743 2291 903 2351 atque
954 2291 1279 2337 sanctorum.

241 2380 325 2435 14.
390 2381 439 2436 S.
495 2382 650 2436 Petro
701 2382 829 2437 foris
878 2382 1144 2437 laboranti
1194 2383 1338 2436 nulla
1389 2399 1513 2436 sane
1564 2381 1734 2435 virtus

175 2480 466 2548 apostolica
509 2480 704 2547 defuit;
735 2481 884 2536 domi
921 2499 1044 2536 vero
1084 2481 1156 2535 ita
1195 2498 1250 2535 se
1287 2480 1469 2548 gessit,
1511 2480 1733 2548 perinde

175 2580 328 2648 quasi
373 2598 671 2648 numquam
717 2599 744 2636 e
788 2581 1039 2636 tirocinio
1084 2583 1276 2650 pedem
1321 2580 1608 2636 extulisset.
1639 2580 1734 2634 Tot

175 2699 234 2735 ac
283 2690 448 2748 tanta,
497 2698 635 2749 quae
679 2681 768 2735 alii
818 2690 1190 2750 sequerentur,
1255 2681 1502 2750 praebuit
1550 2681 1734 2735 dome-

175 2781 336 2836 sticae
380 2781 676 2835 sanctitatis
715 2783 973 2850 exempla.

241 2881 319 2936 Ad
364 2880 673 2948 praesidum
716 2888 908 2934 nutum
947 2889 999 2936 et
1041 2882 1106 2936 ad
1146 2882 1313 2936 ardua
1357 2896 1731 2948 quaecumque

174 2989 410 3049 paratus,
452 2982 658 3035 nullum
703 2981 804 3034 sibi
849 2981 1104 3048 officium,
1146 2983 1315 3035 nullas
1355 2981 1515 3036 officii
1553 2988 1729 3049 partes

175 3080 288 3148 ipse
337 3080 515 3148 elegit,
580 3080 668 3135 sed
733 3081 787 3134 in
844 3081 991 3134 omni
1046 3099 1102 3135 re
1163 3080 1457 3149 Superiori,
1516 3079 1729 3133 divinae

175 3180 463 3234 voluntatis
513 3179 813 3248 interpreti,
867 3179 1158 3235 obnoxium
1207 3198 1262 3235 se
1311 3179 1452 3235 fecit.

1801 405 2074 468 legstnm·no-

1795 468 2081 513 str1S‘pr1n1as

1857 515 2021 559 tffihuu.

1866 1400 2021 1446 Onusta

1805 1457 2075 1510 exsequstur,

1884 1511 1994 1554 duce

1799 1565 2077 1610 oboedunnkt

1802 2911 1908 2960 erga
1941 2897 2078 2952 Supe-

1866 2965 2008 2996 1uores

1815 3007 2058 3061 Societasss,
