2315 3559
248 227 314 265 DE
340 226 595 264 VANITATE
623 224 799 263 RERUM
830 223 1160 261 HUMANARUM
1190 221 1574 259 CONTEMNENDA
1614 203 1713 257 255>

229 370 313 425 28.
388 371 479 424 llla
544 376 723 423 autem
784 367 833 422 S.
900 366 1084 420 Aloisii
1153 364 1378 431 vestigia
1446 379 1713 431 quaenam

164 470 323 523 sunt‘?
374 467 712 522 Innocentiae
762 472 885 519 sunt
935 464 1132 518 indicia
1177 471 1228 517 et
1272 462 1565 530 specimina
1611 462 1714 514 cla-

165 568 397 635 rissima,
445 585 504 621 ac
547 566 698 633 signa
743 565 884 618 illius
934 562 1276 630 integritatiS,
1331 579 1493 629 quarn
1540 559 1716 628 primo

164 671 280 724 loco
331 666 770 722 scholasticorum
826 664 1040 730 regulae
1090 662 1173 715 his
1223 660 1548 729 praefiniunt
1606 676 1718 712 ver-

164 768 247 822 bis
295 785 305 820 :
352 766 549 821 Animi
592 765 892 832 puritatem
942 762 1203 816 custodire
1241 803 1379 814 .....
1417 758 1720 813 scholastici

166 867 338 921 nostri
408 870 678 920 conentur.
756 862 976 917 Summa
1048 860 1192 915 enirn
1278 859 1417 912 vitae
1496 857 1719 911 rationis

167 974 379 1021 nostrae
405 965 508 1018 huc
542 962 789 1032 pertinet,
821 970 879 1016 ut
904 978 1119 1016 omnem
1153 961 1469 1013 horreamus
1508 957 1721 1012 divinae

171 1064 463 1120 maiestatis
510 1062 882 1118 offensionem.
941 1061 1083 1124 Quae
1142 1067 1323 1114 sancta
1374 1057 1540 1112 animi
1598 1056 1723 1111 affe-

167 1167 272 1221 ctio
333 1181 457 1220 cum
518 1180 701 1218 rerum
765 1163 1113 1231 profanarum
1178 1177 1360 1215 amore
1422 1176 1480 1213 ac
1543 1157 1722 1212 studio

169 1265 458 1321 consistere
508 1281 615 1318 non
667 1269 857 1331 potest.

240 1364 417 1430 Longe
462 1370 699 1417 remotus
749 1380 778 1415 a
821 1362 976 1428 culpa
1034 1358 1264 1413 Aloisius
1308 1357 1475 1411 animi
1525 1356 1727 1426 purita-

172 1471 280 1518 tem
325 1470 375 1517 et
419 1461 754 1516 innocentiae
796 1459 1083 1514 candorem
1129 1458 1262 1512 adeo
1313 1456 1621 1523 custodivit,
1668 1464 1727 1508 ut

173 1562 321 1617 omni
387 1560 669 1616 tentationi
736 1558 1106 1628 praecluderet
1172 1557 1366 1611 aditus,
1439 1555 1728 1623 Imperavit

174 1662 372 1729 sensui,
420 1669 472 1716 et
497 1660 745 1730 quamvis
772 1659 946 1713 carnis
975 1658 1263 1712 insolentes
1290 1656 1519 1711 nesciret
1561 1656 1730 1723 impe-

175 1770 277 1830 ωε,
326 1779 520 1829 magna
545 1769 725 1815 tamen
763 1758 904 1814 cavit
929 1757 1227 1825 diligentia,
1269 1774 1334 1811 ne
1361 1756 1491 1825 quid
1537 1754 1729 1809 hostile

176 1861 355 1917 moliri
414 1878 537 1916 caro
594 1859 841 1929 improba
902 1875 1197 1926 sensusque
1254 1855 1432 1911 callidi
1492 1862 1725 1924 possent.

175 1961 569 2028 Curiositatem‚
599 1959 828 2014 amicam
856 1959 1077 2025 mundO,
1115 1956 1390 2011 inimicam
1421 1955 1604 2010 virtuti
1632 1955 1734 2009 fre-

176 2061 324 2116 navit
361 2068 522 2129 atque
549 2058 809 2114 edomuit.
842 2056 962 2111 Fuit
989 2056 1210 2125 quidem
1245 2054 1407 2110 etiam
1445 2054 1494 2109 S.
1532 2053 1731 2107 Aloisio

178 2160 385 2216 visendi
441 2159 678 2214 studium
734 2158 1041 2212 vehemens,
1104 2156 1302 2210 Verum
1357 2172 1465 2209 non
1520 2154 1734 2222 pinaco-

178 2262 358 2316 thecas
419 2260 729 2328 quaerehat‚
792 2275 900 2312 non
961 2257 1260 2325 spectacula
1323 2255 1564 2323 profana,
1628 2270 1735 2307 non

179 2360 488 2426 histrioneS‚
551 2376 658 2413 non
719 2375 905 2412 cursus
967 2363 1261 2424 equestreS‚
1326 2372 1422 2409 nec
1489 2352 1734 2420 regiones

180 2469 459 2528 terrasque
491 2475 778 2527 peragrare
814 2456 1081 2526 cupiebat,
1125 2454 1320 2510 Christi
1359 2472 1386 2509 e
1424 2470 1579 2508 cruce
1611 2470 1737 2521 pen-

180 2560 354 2615 dentis
392 2559 624 2626 effigiem
661 2557 851 2612 avehat
885 2573 1146 2625 usurpare
1172 2554 1357 2622 oculiS,
1398 2555 1535 2608 hanc
1572 2569 1736 2606 unam

181 2658 506 2727 conspicere.
538 2657 748 2712 Etenim
776 2656 963 2710 tritum
990 2663 1070 2710 est
1096 2655 1226 2709 illud
1254 2670 1500 2709 sermone
1522 2668 1739 2720 prover-

182 2759 332 2814 bium
359 2776 369 2812 :
406 2758 507 2812 Ubi
527 2758 692 2823 dolor,
718 2757 797 2810 ibi
823 2774 1020 2811 man-us
1039 2775 1060 2822 ‚·
1085 2755 1181 2809 ubi
1207 2773 1377 2821 amor,
1403 2754 1483 2807 ibi
1507 2752 1665 2807 oculi.

251 2857 547 2914 Castissimi
587 2856 700 2911 eius
729 2855 867 2910 oculi
895 2857 1069 2910 solum
1097 2854 1418 2923 appetebant
1455 2851 1737 2907 hominum

184 2959 620 3026 Redemptorem.
652 2957 957 3024 Numquam
1002 2956 1056 3009 in
1101 2955 1202 3009 iter
1245 2972 1300 3009 se
1344 2955 1472 3009 dare
1516 2952 1735 3018 solebat,

186 3058 288 3112 nisi
333 3057 526 3123 iussuS‚
569 3073 689 3110 cum
730 3055 781 3109 id
828 3055 1122 3122 postularet
1164 3052 1469 3108 necessitas.
1513 3051 1575 3104 Et
1617 3067 1738 3104 cum

186 3158 251 3212 ad
287 3155 555 3224 hospitem
583 3153 958 3209 divertendum
986 3161 1117 3221 erat,
1148 3152 1314 3208 oculis
1341 3151 1490 3206 obire
1527 3149 1741 3204 cubicu-

1825 369 2014 430 puritate

1840 438 1987 475 ammi,

1778 862 1875 901 Reg.
1896 861 1921 891 l.
1937 859 2067 892 Schol.
