2315 3559
560 221 627 276 ⁶21¹
777 241 1026 280 EPlsTOLA
1066 243 1113 280 R.
1157 244 1203 281 Ρ.
1245 245 1463 283 ANTOMI
1504 246 1559 283 M.
1602 246 1909 284 ANDERLEDY

559 386 745 451 renda,
810 385 883 440 ita
944 405 1040 442 nos
1091 389 1226 442 hanc
1279 389 1443 443 vitam
1500 390 1722 458 patriae,
1787 390 2121 458 parentibuS,

558 483 845 552 rebusque,
877 503 1009 553 quas
1033 486 1140 540 vita
1167 488 1409 541 mortalis
1440 489 1675 555 praebet,
1700 488 1951 542 omnibus
1973 507 2126 557 prae-

558 584 834 638 ferendam
891 603 1005 639 esse
1065 586 1332 640 duximus.
1393 587 1600 640 Gratias
1652 589 1732 641 vel
1783 605 1845 641 eo
1903 588 2123 643 nomine

556 680 888 736 immortales
903 682 1249 737 SANCT1ss1Mo
1272 685 1485 738 DOMINO
1508 685 1674 739 LEom
1702 687 1818 739 XIII
1841 687 2118 741 debemus.

555 780 716 849 Quae,
764 801 887 836 cum
926 783 1134 838 occasio
1173 783 1373 850 tulerit,
1416 802 1473 838 re
1522 785 1694 852 magis
1740 803 1905 853 quam
1945 786 2123 840 verbis

555 888 679 934 sunt
706 882 1033 936 referendae.

226 981 290 1025 Ad
314 988 467 1080 nultum
624 980 697 1034 Ea
724 981 885 1035 etiam
914 982 979 1036 de
1006 999 1164 1035 causa
1201 982 1267 1035 ad
1307 990 1497 1036 nutum
1526 983 1721 1037 Christi
1747 982 1944 1037 Vicarii
1971 985 2124 1039 decet

192 1050 364 1155 “105thss
384 1037 496 1147 3335
554 1096 650 1132 nos
678 1097 792 1134 esse
819 1088 1032 1148 paratos
1060 1089 1112 1135 et
1136 1083 1215 1135 vel
1236 1081 1357 1135 ideo
1378 1082 1759 1150 promptioreS,
1790 1084 1932 1150 quod
1964 1082 2124 1137 mise-

178 1147 507 1203 aggrediamur,
554 1181 779 1234 randam
807 1198 1024 1234 cernere
1045 1166 1304 1248 cogamur
1330 1181 1703 1236 condicionem
1724 1181 1923 1250 Capitis
1945 1183 2123 1236 Eccle-

552 1279 680 1333 siae.
713 1281 771 1333 ln
806 1287 952 1333 tanta
986 1281 1253 1334 malorum
1287 1280 1516 1335 colluvie
1552 1299 1610 1335 ac
1657 1299 1838 1335 rerum
1871 1281 2117 1336 omnium

551 1379 858 1433 turbatione
885 1380 1015 1434 haec
1042 1380 1288 1434 condicio
1309 1388 1419 1434 tam
1447 1380 1626 1449 gravis
1654 1389 1750 1447 est,
1775 1389 1884 1435 tam
1908 1381 2114 1449 iniqua,

552 1486 610 1531 ut
630 1478 953 1533 tristissimis
968 1480 1232 1534 Ecclesiae
1249 1480 1584 1548 temporibus
1605 1480 2007 1549 aequiperanda
2027 1481 2114 1535 sit.

551 1578 624 1631 Ea
650 1587 1062 1633 commoventur
1088 1579 1271 1633 animo
1298 1579 1399 1633 viri
1431 1579 1572 1646 laici,
1607 1588 1659 1634 et
1690 1598 1813 1634 cum
1847 1582 2117 1634 malorum

550 1676 836 1745 originem,
868 1696 1006 1745 quae
1032 1678 1118 1745 sit,
1149 1696 1210 1732 ex
1237 1679 1517 1733 pontificia
1545 1679 1936 1734 Constitutione
1963 1679 2120 1734 intel-

549 1776 790 1842 lexerint,
816 1777 1056 1832 remedia
1076 1777 1332 1845 cogitant,
1357 1777 1624 1847 praesidia
1651 1778 2113 1846 circumspiciunt,

550 1874 746 1942 quibus
774 1875 1120 1931 inimicorum
1148 1877 1413 1932 Ecclesiae
1446 1877 1678 1945 impetus
1706 1877 1881 1944 frangi
1908 1896 1967 1931 ac
1994 1896 2117 1946 pro-

550 1974 750 2041 pulsari
802 1975 1025 2043 possint.
1079 1977 1401 2044 Nuperrime
1462 1977 1713 2044 Princeps
1774 1977 1998 2045 quidam
2060 1977 2115 2031 in

548 2074 937 2129 catholicorum
965 2076 1249 2130 hominum
1277 2094 1475 2130 corona
1496 2078 1664 2130 multa
1691 2077 1962 2145 praeclare
1983 2076 2117 2131 dixit

548 2174 614 2227 de
651 2173 858 2227 Summi
895 2175 1167 2229 Pontificis
1212 2176 1467 2244 Epistola,
1513 2177 1848 2244 eandemque
1886 2175 2116 2229 summis

547 2273 796 2327 laudibus
836 2275 1039 2329 extulit.
1082 2275 1295 2329 Nullam
1341 2274 1606 2344 superiori
1643 2283 1887 2343 tempore
1930 2293 2113 2329 vocem

547 2372 788 2427 auditam
840 2391 953 2428 esse
1004 2374 1128 2429 huic
1189 2374 1422 2429 similem
1473 2374 1779 2441 affirmavit,
1827 2382 1989 2442 atque
2039 2375 2114 2428 ita

547 2471 956 2527 Sanctissimum
986 2474 1198 2529 Patrem
1226 2475 1448 2528 LEONEM
1476 2475 1592 2528 Xlll
1621 2492 1735 2528 esse
1761 2475 2021 2540 locutum,
2051 2482 2112 2528 ut

547 2571 642 2624 has
698 2571 998 2640 Encyclicas
1048 2573 1274 2628 Litteras
1324 2574 1504 2628 efflatu
1565 2572 1749 2628 divino
1811 2572 2114 2642 percepisse

547 2668 805 2724 dicendus
861 2671 946 2725 sit.
1012 2672 1214 2727 Deinde
1274 2672 1478 2740 statuit,
1543 2672 1788 2740 proximo
1843 2681 2110 2726 conventu

546 2769 810 2823 catholico
848 2772 1117 2837 agendum
1156 2789 1270 2826 esse
1307 2773 1373 2826 de
1410 2771 1494 2839 iis,
1535 2790 1674 2840 quae
1711 2772 1810 2826 hac
1847 2771 2114 2826 Constitu-

547 2868 692 2923 tione
710 2870 1015 2923 edocemur.
1033 2871 1167 2924 Dum
1189 2873 1323 2926 adeo
1342 2873 1611 2939 praeclare
1629 2871 1830 2925 faciunt
1845 2870 1947 2924 viri
1966 2869 2108 2937 laici,

228 3017 448 3072 nobisque
547 2986 576 3022 a
614 2968 767 3022 nobis
808 2986 912 3022 non
951 2977 1029 3023 est
1064 2972 1446 3037 cunctandum,
1481 2972 1572 3025 sed
1611 2972 1756 3024 nulla
1793 2968 2111 3037 interposita

226 3072 342 3117 Deus
359 3087 458 3117 cum
548 3085 718 3133 mora,
761 3067 943 3121 animo
981 3086 1178 3133 magno
1216 3069 1431 3123 initium
1477 3071 1716 3124 dandum
1755 3076 1834 3122 est
1871 3076 2019 3121 tanto
2058 3076 2110 3122 et

199 3126 482 3227 Sfieggffifflfie
548 3174 658 3220 tam
697 3168 970 3234 praeclaro
1008 3167 1178 3234 operi,
1218 3168 1303 3222 cui
1341 3169 1678 3223 abundanter
1719 3185 1842 3221 cum
1886 3166 2110 3221 Summo
