2315 3559
284 214 351 252 DE
377 213 632 252 VANITATE
660 212 837 251 RERUM
866 212 1199 251 HUMANARUM
1227 212 1613 253 coNTEMNENDA
1649 199 1750 254 2245

200 358 524 425 detrahunt;
571 358 840 426 siquidem
892 357 1148 412 vitiorum
1192 375 1414 413 suorum
1459 359 1748 427 discipulos

198 458 331 512 adeo
376 457 594 522 faciunt,
640 465 699 511 ut
742 457 1075 511 obtrectandi
1120 457 1307 525 libido,
1354 457 1398 511 si
1442 458 1746 525 invaluerit,

198 563 310 610 toto
360 556 582 610 sortasse
632 557 841 610 saeculo
886 555 1165 624 exstirpari
1216 573 1322 610 non
1372 556 1558 624 possit.

264 655 437 723 Atque
464 655 564 709 ista
590 655 656 708 de
683 654 885 709 mundo
913 654 1052 722 dico,
1083 655 1138 708 in
1165 672 1273 723 quo
1300 655 1481 709 omnia
1508 655 1746 723 videndi,

197 754 526 822 inquirendi,
597 753 907 822 explorandi
975 762 1026 809 et
1091 755 1426 809 obtrectandi
1494 755 1751 810 effrenata

195 853 461 922 cupiditas
500 861 711 907 estnon
737 852 1066 921 infrequenS,
1109 860 1160 908 et
1186 853 1387 908 idcirco
1414 871 1475 908 ea
1518 871 1752 909 comme-

197 970 370 1020 moro,
433 961 493 1007 ut
541 960 757 1021 pateant
817 953 1007 1008 mundi
1068 953 1305 1022 pericula
1355 961 1406 1008 et
1454 961 1514 1008 ut
1572 954 1751 1023 quivis

196 1052 472 1119 intellegat
523 1059 724 1120 quanta
767 1069 828 1106 ex
871 1051 1124 1106 familiari
1168 1052 1452 1107 hominum
1503 1054 1753 1121 profano-

195 1169 317 1205 rum
355 1150 742 1206 consuetudine
780 1151 1019 1206 timenda
1057 1151 1163 1205 sint
1200 1153 1358 1206 mala.
1399 1152 1554 1219 Vilia,
1597 1153 1751 1207 foeda

195 1258 355 1318 atque
383 1249 605 1317 indigna
631 1257 756 1303 sunt
782 1250 970 1304 mundi
998 1250 1253 1318 facinora,
1284 1267 1346 1305 eo
1374 1251 1545 1317 magis
1573 1251 1746 1319 noxia,

195 1366 303 1418 quo
353 1348 555 1404 leviora
604 1357 877 1417 putantur,
925 1349 1266 1418 iacturasque
1316 1368 1376 1404 ac
1426 1350 1751 1406 detrimenta

195 1448 407 1502 infinita
439 1465 591 1502 amor
618 1448 814 1502 saeculi
853 1465 1079 1503 vesanus
1118 1449 1431 1503 hominibus
1470 1449 1746 1517 importat.

263 1547 583 1616 Contemptu
625 1555 806 1602 autem
851 1548 1040 1602 mundi
1084 1547 1326 1602 animum
1371 1548 1648 1616 ditescere,
1697 1549 1751 1603 in

195 1646 303 1701 vita
351 1646 401 1702 S.
455 1645 641 1700 Aloisii
691 1653 813 1700 ante
863 1648 1044 1701 oculos
1088 1647 1327 1716 positum
1377 1655 1473 1702 est.
1528 1647 1752 1716 Cognita

195 1747 345 1801 vobis
382 1747 513 1801 haec
551 1746 813 1800 mirabilis
858 1746 966 1800 vita
1008 1764 1131 1801 cum
1174 1746 1260 1813 sit,
1308 1747 1374 1802 de
1411 1764 1593 1801 rerum
1631 1766 1754 1816 pro-

194 1848 439 1900 fanarum
483 1845 833 1914 despicientia
871 1845 977 1901 dici
1003 1863 1185 1900 coram
1212 1846 1364 1901 vobis
1402 1864 1511 1902 non
1555 1855 1747 1915 potest,

193 1946 325 2014 quin
369 1945 560 2000 tacitus
605 1945 834 2014 quisque
880 1953 1117 2000 vestrum
1162 1948 1305 2015 apud
1350 1964 1405 2001 se
1448 1947 1752 2002 consideret

193 2045 428 2100 nobilem
500 2045 742 2099 animum
815 2045 1152 2112 integerrimi
1232 2046 1459 2113 iuveniS,
1534 2055 1749 2102 aeterna

193 2144 538 2212 cogitantem.

264 2243 321 2296 In
365 2259 427 2297 eo
455 2242 599 2297 enim
626 2259 821 2310 genere
858 2244 1162 2311 exemplum
1189 2243 1344 2298 nobis
1389 2243 1748 2299 clarissimum

195 2341 427 2409 exhibet,
491 2359 598 2409 quo
667 2341 936 2396 discamus
997 2342 1290 2397 abhorrere
1360 2343 1426 2397 ab
1498 2344 1747 2398 omnihus

194 2458 333 2508 quae
359 2441 592 2495 mundus
618 2448 764 2494 amat
774 2459 786 2507 ;
817 2440 1194 2509 concupiscere
1220 2441 1479 2510 quicquid
1509 2442 1749 2497 Christus

194 2539 451 2594 Dominus
501 2547 681 2594 noster
728 2540 929 2594 amavit
977 2548 1029 2595 et
1076 2542 1350 2609 amplexus
1399 2549 1495 2596 est.

262 2637 346 2693 19.
401 2638 652 2693 Horroris
702 2639 861 2693 huius
910 2647 963 2694 et
1011 2639 1121 2694 odii
1169 2657 1350 2694 rerum
1400 2642 1749 2709 profanarum

196 2747 248 2794 et
283 2739 483 2793 amoris
511 2738 806 2806 insignium
834 2739 1047 2794 Domini
1075 2740 1243 2794 nostri
1270 2758 1330 2794 ac
1362 2741 1534 2796 crucis
1568 2743 1751 2796 saluti-

196 2840 339 2893 ferae
376 2838 662 2907 participes
700 2839 873 2893 facere
910 2839 1072 2893 etiam
1111 2840 1244 2894 alios
1283 2840 1548 2908 homineS‚
1590 2860 1751 2909 nego-

196 2937 332 2992 tium
392 2945 637 2992 nostrum
698 2944 859 3005 atque
916 2937 1150 2992 officium
1202 2946 1297 2993 est.
1362 2939 1521 2995 Cuius
1581 2941 1748 2995 sancti

196 3036 394 3091 laboris
438 3045 645 3106 partem
672 3037 1015 3105 praecipuam
1055 3037 1328 3093 vindicant
1354 3038 1589 3094 iuvenes,
1638 3040 1749 3103 Qua

198 3144 379 3200 autem
429 3154 548 3205 ope,
596 3154 703 3205 quo
747 3136 943 3191 auxilio
993 3154 1105 3199 rem
1157 3139 1290 3194 adeo
1335 3139 1558 3195 arduam
1610 3158 1751 3196 exse-

1825 2325 1876 2369 ΙΙ.
1898 2326 2083 2370 Mundus

1821 2380 2106 2424 debessandus

1875 2436 1919 2478 in
1936 2435 2029 2479 aliis

1811 2490 2060 2533 hominihus
2082 2505 2089 2533 ι

1826 2559 1967 2589 Exam.
1985 2566 2077 2597 gen.

1835 2608 1867 2631 c.
1885 2599 1950 2630 IV.
1969 2607 2007 2629 n.
2025 2599 2076 2630 44.
