2315 3559
511 203 676 242 noum
716 202 799 241 sm
838 201 1121 241 OCCAsmNE
1159 203 1309 240 Missi
1588 189 1687 244 339

134 349 308 416 gulari
346 350 491 402 cultu
517 365 576 402 ac
603 347 799 415 pietate
826 347 1003 401 dicent
1019 365 1030 412 ;
1062 355 1112 401 et
1139 347 1362 413 singulis
1391 348 1473 400 his
1501 348 1686 402 diebus

136 446 314 500 Patres
353 463 537 500 omnes
582 462 792 499 sacrum
838 444 1048 499 saciant.
1092 445 1300 499 Fratres
1339 453 1536 513 autem,
1578 447 1688 499 sive

133 544 435 598 scholastici
469 543 580 597 sive
613 542 902 610 adiutoreS,
939 560 1086 597 sacra
1120 542 1186 597 de
1218 543 1372 596 altari
1401 543 1582 597 libent.
1615 545 1689 598 Ne

133 650 312 696 autem
391 641 724 696 novendialis
799 642 928 695 haec
1001 641 1319 709 supplicatio
1402 642 1689 696 familiares

132 740 425 808 angustiaS,
456 741 651 808 quibus
679 740 889 808 aliquae
917 740 1108 794 domus
1136 749 1472 808 premuntur,
1494 758 1690 807 augere

135 839 397 907 videatur,
427 840 602 908 prima
639 847 781 893 sexta
810 839 939 893 seria
966 839 1225 907 cuiusque
1253 839 1451 894 mensis
1479 857 1689 893 sacrum

133 939 264 994 illud
300 939 354 993 in
393 939 534 992 hunc
562 939 723 993 finem
753 939 935 993 offerri
964 938 1178 1006 poterit,
1211 939 1354 1007 quod
1389 939 1690 993 sacerdotes

133 1055 318 1093 omnes
357 1039 423 1093 ad
463 1046 697 1092 mentem
735 1038 1027 1105 Praepositi
1061 1037 1330 1092 Generalis
1366 1055 1462 1106 pro
1495 1038 1690 1092 nostris

133 1137 391 1191 institutis
442 1154 536 1205 per
584 1138 983 1192 hebdomadam
1034 1137 1228 1191 offerre
1279 1146 1686 1192 consueverunt.

133 1236 356 1290 Maxime
391 1245 570 1290 autem
599 1237 733 1290 mihi
763 1246 841 1291 est
868 1237 921 1290 in
953 1237 1105 1304 votiS,
1138 1245 1195 1290 ut
1220 1238 1361 1305 apud
1391 1236 1693 1291 Sacratissi-

134 1353 284 1390 mum
321 1336 420 1390 Cor
459 1337 576 1390 Iesu
612 1336 921 1390 beatissima
965 1336 1020 1390 in
1064 1336 1254 1404 primis
1293 1337 1458 1404 ipsius
1506 1337 1688 1404 Mater,

132 1442 248 1489 tum
287 1435 449 1490 etiam
483 1453 667 1490 servus
704 1436 796 1489 Dei
823 1436 1140 1490 venerabilis
1172 1436 1324 1490 Pater
1351 1436 1600 1490 Claudius
1628 1438 1692 1490 de

133 1535 182 1588 la
221 1533 556 1588 Colombiere
583 1535 955 1603 deprecatores
993 1536 1336 1589 asciscantur.
1372 1537 1477 1590 Nec
1505 1536 1691 1590 imme-

134 1633 238 1687 rito
283 1634 611 1701 sperandum
656 1642 751 1701 est,
793 1634 979 1700 Deum,
1016 1642 1162 1688 tanta
1207 1635 1531 1688 oblectatum
1570 1652 1692 1688 con-

134 1731 317 1787 cordia
361 1750 419 1787 ac
468 1732 666 1800 pietate
717 1741 909 1800 vestra,
964 1733 1271 1788 communia
1318 1742 1438 1788 vota
1483 1734 1693 1788 auditu-

134 1848 274 1885 rum.

203 1932 255 1986 Si
291 1949 417 1987 vero
450 1933 585 2000 Ipse,
627 1932 711 1986 cui
746 1933 838 1987 uni
878 1933 1008 2002 quid
1051 1934 1205 1988 nobis
1242 1934 1412 2001 magis
1448 1935 1693 2002 expediat

136 2040 472 2100 compertum
517 2040 613 2100 est,
655 2033 809 2087 aliter
852 2033 917 2087 de
967 2051 1051 2088 me
1096 2034 1451 2102 constituerit,
1495 2043 1545 2088 et
1588 2035 1693 2088 for-

136 2140 274 2186 tasse
323 2149 462 2186 nunc
513 2141 811 2188 extremum
856 2150 1041 2188 omnes
1086 2134 1246 2187 simul
1293 2151 1384 2188 vos
1428 2135 1688 2202 alloquar,

137 2231 318 2285 Patres
358 2232 676 2300 Fratresque
726 2232 1010 2300 carissimi,
1062 2234 1161 2287 hac
1205 2242 1326 2287 utar
1380 2235 1695 2302 opportuni-

135 2339 242 2385 tate
292 2332 397 2386 duo
449 2332 617 2399 vobiS,
671 2350 808 2400 quae
857 2333 1055 2400 premit
1112 2333 1340 2400 animUS,
1394 2334 1688 2401 aperiendi.

203 2432 274 2484 Ac
309 2430 548 2498 primum
586 2431 882 2486 iucundum
917 2441 996 2486 est
1030 2433 1204 2499 palam
1244 2432 1484 2500 profiteri
1521 2432 1694 2487 Socie-

136 2529 233 2583 tati
259 2528 559 2597 universae,
592 2547 754 2597 quam
783 2531 1006 2598 probata
1036 2531 1170 2584 mihi
1202 2531 1363 2585 fuerit
1395 2540 1445 2586 et
1479 2540 1692 2600 accepta

138 2628 381 2694 facilitas,
413 2628 769 2696 observantia,
799 2629 1157 2697 oboedientia,
1189 2648 1352 2698 quam
1391 2631 1525 2684 mihi
1564 2631 1693 2685 duo-

138 2726 312 2781 decim
352 2727 582 2795 amplius
620 2728 701 2781 his
739 2728 1142 2795 gubernationis
1181 2747 1330 2784 meae
1368 2730 1520 2784 annis
1557 2747 1694 2783 sern-

138 2843 233 2894 per
264 2826 528 2893 praebuit,
564 2843 810 2895 quaeque
842 2828 976 2881 mihi
1006 2829 1390 2895 gravissimum
1425 2831 1525 2883 hoc
1558 2846 1691 2883 onus

138 2924 471 2979 tolerabilius
521 2925 775 2993 reddidit,
819 2927 1003 2981 testari
1044 2928 1111 2982 ob
1160 2936 1239 2982 tot
1288 2929 1511 2982 eximiae
1560 2928 1693 2981 cari-

138 3025 262 3079 tatis
292 3024 731 3092 significationes,
762 3044 894 3094 quas
922 3027 1056 3081 mihi
1084 3028 1425 3095 potissimum
1453 3036 1563 3081 toto
1591 3028 1690 3080 hoc

140 3125 491 3192 aegritudinis
531 3142 680 3180 meae
712 3134 955 3194 tempore
991 3128 1303 3182 exhibuistis
1338 3136 1451 3181 tum
1490 3127 1690 3182 crebris
