2315 3559
529 233 632 289 37⁶2
956 245 1275 286 suuMARfflM
1318 240 1679 281 EPISTULARUM

530 394 598 439 ⁰25.
648 393 804 438 Votum
826 391 1040 437 sollemne
1062 391 1116 436 de
1137 388 1438 435 missionibus.
1456 385 1706 432 Curandum
1722 389 1770 428 ut
1790 389 1912 428 recte
1935 382 2096 427 obean-

641 486 714 525 tur
733 479 984 523 missiones.
1007 474 1298 522 Contionandi
1326 473 1509 518 facultas
1539 472 1584 515 in
1614 469 1848 514 iuvenibus
1870 468 2098 513 excitanda

643 572 687 611 et
703 565 958 611 excolenda.

529 653 671 698 26-28.
696 651 943 698 Conclusio.
969 650 1059 694 Lux
1094 646 1254 702 duplex
1288 645 1473 689 aedificii
1508 641 1747 698 spiritualis
1782 655 1790 685 :
1822 640 1966 695 prima
2000 639 2099 683 idea

641 737 869 783 Societatis
905 742 949 781 et
983 733 1182 788 exempla
1216 731 1429 777 Maiorum
1469 744 1519 774 ac
1555 729 1796 774 seniorum.
1834 726 2097 781 Superiores

642 823 789 868 onmia
805 827 938 877 agant
958 820 1011 865 ad
1032 820 1176 864 ideam
1198 832 1222 862 a
1243 817 1284 862 S.
1311 817 1355 861 P.
1375 816 1425 861 N.
1442 816 1654 861 relictam.

588 1023 992 1084 EPISTOLAE
1037 1023 1104 1081 R.
1159 1023 1222 1079 P.
1272 1022 1342 1078 N.
1390 1019 1713 1078 GOSWINI
1768 1016 2035 1074 NICKEL

533 1191 571 1245 I.
619 1205 684 1244 AD
724 1203 919 1243 PATRES
957 1202 1021 1241 ET
1060 1199 1294 1240 FRATRES
1333 1196 1649 1247 ΞΟΟΙΕΤΑΤΙΞ,
1684 1177 1753 1234 30
1790 1185 1923 1246 sept.
1960 1175 2097 1232 1653

701 1341 777 1396 De
803 1356 984 1395 amore
1016 1344 1065 1394 et
1088 1337 1267 1392 stadio
1290 1334 1558 1403 perfectae
1584 1329 1929 1400 paupertatis

985 1479 1159 1549 (rom.
1192 1479 1257 1546 11,
1288 1495 1377 1546 pp.
1407 1473 1647 1541 49-101.)

558 1658 596 1700 1.
640 1654 702 1699 De
728 1668 854 1698 more
890 1652 1138 1707 scripturus
1173 1650 1227 1694 ad
1261 1649 1516 1693 universam
1552 1647 1831 1700 Societatem,
1857 1644 2022 1698 statuit,
2047 1643 2102 1687 ad

641 1742 867 1796 perfectae
896 1738 1171 1794 paupertatis
1203 1736 1394 1781 studium
1427 1735 1572 1779 socios
1602 1733 1847 1786 adhortari3
1873 1746 1973 1775 nam
1998 1731 2103 1774 Pau-

641 1827 803 1882 pertati
823 1825 963 1879 magis
986 1823 1303 1869 attendendum
1336 1836 1467 1875 quam
1489 1820 1673 1874 reliquis
1696 1819 1825 1863 votist

559 1914 645 1958 2-4.
692 1911 966 1967 Paupertatis
994 1910 1237 1954 necessitas
1270 1907 1518 1952 ostenditur
1548 1920 1599 1950 ex
1630 1905 1716 1949 line
1747 1903 1976 1949 Societatis
2012 1917 2020 1946 :
2053 1916 2103 1946 ac

643 2000 787 2055 primo
819 2014 871 2044 ex
901 1997 1048 2042 debito
1084 1995 1294 2051 propriae
1320 1992 1624 2048 perfectionis.
1658 1991 1796 2035 Etiam
1831 1990 1876 2033 in
1912 1988 2103 2033 minimis

644 2088 887 2141 Paupertas
908 2085 962 2129 ad
978 2083 1301 2139 perfectionem
1318 2080 1586 2125 necessaria.

560 2174 646 2219 5-6.
689 2172 932 2228 Opiniones
988 2171 1297 2224 Paupertatem
1347 2166 1597 2211 relaxantes
1639 2162 1930 2208 disseminare
1973 2174 2104 2215 quam

643 2259 947 2315 perniciosum
970 2256 1025 2301 sit
1057 2270 1068 2301 .·
1099 2255 1243 2311 primo
1267 2253 1478 2308 singulis3
1509 2251 1668 2295 deinde
1699 2248 1853 2294 Ordini
1874 2232 2100 2292 universo.

563 2348 601 2392 7.
646 2346 757 2399 Quid
779 2346 833 2390 de
856 2345 1122 2399 Paupertate
1145 2340 1337 2387 senserit
1357 2339 1678 2394 scripseritque
1693 2336 1735 2381 S.
1761 2334 1972 2390 Ignatius.

562 2436 601 2479 8.
646 2434 873 2479 Perfectae
896 2430 1172 2486 Paupertatis
1200 2428 1443 2473 necessitas
1474 2424 1725 2471 ostenditur
1745 2422 1904 2467 deinde
1926 2435 1979 2465 ex
2000 2432 2107 2464 cura

645 2521 965 2578 proximorum.
1025 2518 1248 2573 Pauperes
1295 2516 1478 2560 fuerunt
1535 2511 1748 2568 Apostoli,
1811 2515 1855 2554 et
1902 2507 2108 2552 vicerunt

647 2608 876 2653 mundum.
934 2606 1199 2660 Paupertate
1267 2601 1521 2647 Dominicus
1584 2597 1761 2652 subegit
1826 2594 2103 2649 Albigenses.

650 2695 915 2750 Paupertate
950 2692 1164 2736 Xaverius
1199 2689 1318 2734 Indis
1352 2688 1467 2732 viam
1502 2686 1611 2731 caeli
1651 2684 1838 2740 aperuit.
1864 2682 2106 2736 Paupertas

649 2781 877 2836 expeditos
899 2779 1003 2824 facit
1023 2778 1076 2822 ad
1098 2776 1449 2822 annuntiandum
1471 2772 1773 2827 Evangelium.

565 2870 605 2914 9.
650 2866 902 2922 Paupertati
932 2864 1288 2920 praetenduntur
1318 2862 1404 2906 duo
1440 2859 1788 2914 impedimenta:
1820 2856 2029 2900 honestas
2064 2858 2108 2897 et

651 2954 909 3000 necessitas.
936 2951 1073 2996 Porro
1095 2951 1304 2995 honestas
1327 2947 1504 3003 quidem
1525 2959 1633 2990 vera
1661 2943 1817 2989 sordes
1848 2946 1984 2994 arcet,
2017 2953 2107 2984 non

652 3042 976 3096 Paupertatem.

544 3130 610 3174 10.
654 3128 719 3172 Ab
755 3127 838 3171 hoc
875 3124 1019 3179 capite
1054 3122 1301 3177 periculum
1338 3126 1406 3165 est
1434 3119 1486 3164 iis
1515 3117 1590 3173 qui
1624 3116 1745 3161 aulas
1779 3115 2065 3168 frequentant
2097 3124 2106 3153 ε

654 3212 773 3269 quod
801 3211 979 3266 quidem
1004 3207 1129 3253 multi
1149 3207 1358 3259 vitarunt,
1383 3204 1461 3250 sed
1483 3218 1507 3248 a
1528 3216 1615 3257 quo
1638 3200 1822 3246 sollicite
1843 3196 2104 3249 cavendum,
