2315 3559
290 206 356 244 DE
382 204 639 243 VANITATE
665 202 844 241 RERUM
873 200 1205 240 HUMANARUM
1234 200 1621 239 CONTEMNENDA
1656 185 1749 241 0231

205 356 573 415 conventuum,
645 349 705 401 in
770 364 933 415 quam
998 352 1073 399 est
1143 346 1367 413 seminis
1441 346 1758 400 interdictus

207 451 496 518 inyressuS,
545 447 879 515 intellegitur
923 452 1087 499 totum
1128 446 1270 498 illud
1310 446 1568 512 spatium,
1623 447 1758 513 quod

207 549 354 602 intra
402 553 584 614 saepta
619 545 937 599 Monasterii
984 561 1076 597 seu
1112 550 1393 597 conventus
1436 544 1753 606 continetur,

206 650 264 702 id
328 655 403 702 est
464 647 735 712 thtustra,
811 645 1005 709 Celtae,
1077 643 1356 713 Officinae,
1429 643 1758 698 Cenacutum

202 764 292 801 seu
340 745 716 814 Refectorium,
782 743 1195 807 Dormvitorium,
1259 742 1602 809 Inlirmaria,
1664 740 1759 795 Co-

203 846 374 914 quina
415 851 464 898 et
506 842 839 897 huiusmodi.
882 841 1050 904 Quam
1095 840 1414 895 sententiam
1453 841 1608 895 docet
1645 858 1759 895 esse

203 960 565 1008 communem,
619 940 743 996 dein
792 940 1008 1009 pergit:

280 1042 564 1096 Viridaria
611 1057 704 1095 seu
753 1040 898 1093 horti
939 1046 987 1094 et
1023 1046 1188 1107 prata
1231 1058 1352 1093 cum
1398 1038 1671 1094 Conventu
1712 1047 1761 1094 et

205 1141 477 1196 Clausura
537 1141 819 1194 coniuncta
884 1140 1109 1194 veniunt
1172 1140 1390 1194 nomine
1459 1139 1500 1194 C
1506 1141 1760 1195 [ausurae

204 1243 283 1296 ita
347 1248 407 1295 ut
464 1241 721 1294 mulieres
788 1241 908 1307 ipsa
975 1240 1334 1308 ingredientes
1398 1241 1760 1294 excommuni-

203 1341 461 1394 cationem
537 1340 838 1394 incurrant.
921 1338 1090 1402 Quam
1174 1338 1494 1392 sententiam
1578 1339 1760 1393 firmat

202 1439 391 1494 Sacrae
451 1437 891 1506 Congregationis
959 1437 1347 1506 Episcoporum
1409 1445 1460 1492 et
1532 1438 1759 1505 Regula-

202 1539 344 1593 rium
390 1537 726 1593 auctoritate.

267 1640 398 1693 Tum
447 1640 578 1692 haec
623 1638 774 1694 addit
814 1656 824 1691 :
871 1638 1030 1692 Secus
1068 1655 1186 1691 vero
1227 1639 1278 1691 si
1323 1639 1441 1705 ipsa
1484 1638 1757 1692 viridaria

200 1745 249 1793 et
287 1745 450 1806 prata
491 1739 603 1792 sint
646 1756 679 1791 a
718 1737 990 1792 Ctausura
1034 1744 1285 1805 separata
1326 1738 1465 1790 clavi
1507 1743 1555 1791 et
1602 1755 1758 1790 muro

200 1838 550 1892 convenienti.
594 1837 659 1891 Et
700 1838 833 1891 haee
870 1836 1092 1905 quidem
1132 1836 1388 1890 Ferraris.

269 1937 443 1991 Etiam
526 1938 758 2004 Angelus
832 1936 1017 1991 Lucidi
1091 1937 1201 1991 fere
1274 1937 1462 1991 eadem
1547 1937 1754 1991 asserit.

199 2036 304 2092 Sed
345 2044 394 2092 et
443 2037 676 2103 hortum,
736 2036 828 2101 ait,
883 2037 1236 2103 viridarium,
1281 2042 1521 2103 pratum,
1575 2043 1625 2090 et
1665 2037 1760 2090 sit-

200 2155 342 2202 vam,
407 2137 458 2190 si
528 2137 661 2204 forte
730 2137 821 2202 sit,
899 2136 1047 2189 intra
1123 2141 1306 2202 saepta
1384 2136 1759 2202 comprehensa

201 2253 353 2289 nemo
413 2235 701 2301 dubitavit,
769 2241 884 2287 tum
956 2235 1088 2303 quia
1142 2235 1268 2289 haec
1327 2241 1402 2289 est
1461 2235 1760 2288 communis

201 2335 468 2387 doctorum
524 2334 725 2400 opiniO,
775 2340 890 2387 tum
938 2334 1070 2402 quia
1110 2333 1332 2388 Summi
1373 2334 1659 2401 Pontifices
1701 2353 1761 2387 ac

207 2432 516 2486 Tridentini
558 2433 748 2486 Patres
792 2433 1092 2500 inyressum
1146 2433 1295 2486 intra
1353 2440 1536 2500 saepta
1593 2440 1759 2487 vetue-

201 2538 349 2595 runt,
414 2538 463 2586 et
515 2531 684 2586 Sacra
739 2530 1090 2600 Conyreyatio
1133 2534 1184 2585 d.
1248 2532 1319 2586 13
1377 2532 1520 2600 Sept.
1585 2533 1752 2598 1583,

202 2632 398 2686 diserte
459 2632 634 2684 hortos
705 2638 753 2685 et
819 2639 983 2699 prata
1059 2633 1371 2686 clausuram
1443 2633 1757 2688 constituere

202 2730 497 2785 declaravit
541 2730 599 2783 in
638 2730 881 2784 virorum
922 2732 1281 2797 monasteriiS,
1332 2732 1547 2801 ideoque
1590 2734 1758 2786 mutto

204 2830 400 2898 fortius
447 2830 504 2883 in
552 2829 883 2883 monialium
931 2831 1219 2885 asceteriis,

271 2927 354 2982 12.
403 2927 588 2992 Quiete
633 2945 766 2996 opus
805 2936 900 2995 est,
942 2936 1001 2982 ut
1043 2929 1290 2984 homines
1339 2929 1578 2997 religiosi
1618 2938 1760 2984 tran—

204 3028 385 3096 quillis
458 3027 725 3082 mentibus
798 3030 1091 3083 secundum
1175 3029 1436 3084 Ordinum
1517 3030 1759 3084 instituta

204 3134 420 3195 gratum
470 3127 742 3182 Altissimo
793 3127 1105 3195 impendere
1155 3129 1360 3197 possint
1420 3130 1756 3186 famulatum.

1863 1510 1901 1540 S.
1918 1510 1955 1541 C.
1971 1510 2068 1550 Epp.

1883 1552 1921 1582 et
1947 1553 2046 1591 Reg.

1834 1592 1874 1622 24
1891 1593 1983 1631 Apr.
2004 1594 2095 1629 1582,

1830 1632 1869 1664 13
1881 1633 1987 1672 Sept.
2006 1633 2098 1664 1583.

1855 1675 1874 1705 3
1890 1675 1979 1705 Iun.
1997 1674 2090 1706 1606.

1835 2523 1952 2563 Apud
1970 2523 2088 2563 Pign-

1882 2565 1992 2595 Tom.
2004 2565 2036 2595 6.

1841 2605 1956 2636 Cons.
1969 2605 2022 2635 85.
2039 2613 2079 2635 n.

1841 2646 1959 2686 275.§.
1977 2647 2087 2677 Cum.

1833 2810 1938 2849 Aug.
1957 2809 2098 2841 Lucidi

1834 2851 1886 2882 De
1902 2851 1976 2882 Vis
1991 2859 2095 2882 sacr.

1789 2891 1889 2922 Jim.
1906 2899 1938 2924 c.
1958 2893 2006 2924 V.
2020 2900 2060 2923 n.
2077 2892 2129 2923 43.

1866 2960 1951 3004 lata
1972 2974 1994 3003 a
2017 2960 2057 3003 S.

1894 3015 1967 3058 Pio
1990 3015 2038 3067 Υ,
