2315 3559
559 262 661 318 130
732 281 982 319 EPISTULA
1022 283 1069 320 R.
1115 283 1158 320 P.
1202 284 1254 320 N.
1297 284 1414 321 ANT.
1468 285 1590 321 MAR.
1639 286 1947 322 ANDERLEDY

559 425 710 479 todes
766 426 983 494 silentii,
1043 428 1375 496 paupertatis
1431 437 1689 496 amantes,
1749 428 2125 496 Superioribus

560 542 756 592 magna
789 526 1049 594 religione
1076 528 1452 595 obsequentes,
1483 529 1726 582 iuvantes
1754 546 1866 582 sese
1894 528 2125 582 invicem

559 642 755 692 magna
805 627 1044 694 caritate,
1099 629 1457 682 reverentiam
1508 630 1764 683 adversus
1815 628 2126 683 Sacerdotes

558 726 893 780 adhibentes
926 727 1095 781 Iidem
1123 728 1166 781 si
1189 728 1533 795 deliquerint,
1557 728 1748 782 erratis
1770 728 1982 782 veniam
2004 745 2129 795 poe-

558 843 792 893 namque
856 844 1074 894 poscere
1147 844 1253 880 non
1327 827 1782 895 praetermittunt.
1861 826 2127 880 Plurimos

558 932 861 978 memorant
911 924 1190 978 Societatis
1246 926 1462 979 annales
1513 943 1573 979 ex
1623 925 1816 978 humili
1880 925 2127 978 Fratrum

557 1023 943 1078 Coadiutorum
971 1024 1163 1091 gradu,
1195 1024 1288 1091 qui
1323 1026 1404 1078 vel
1433 1032 1729 1092 martyrum
1757 1026 2014 1092 palmam,
2047 1025 2126 1078 vel

557 1122 606 1177 S.
649 1123 984 1191 Alphonsum
1024 1122 1241 1190 imitati,
1277 1123 1695 1177 domesticarum
1730 1124 1990 1177 virtutum
2017 1124 2129 1176 lau-

557 1223 680 1277 dem
721 1222 992 1276 consecuti
1031 1230 1154 1275 sunt
1192 1223 1577 1277 immortalem.
1610 1224 1674 1276 Hi
1716 1223 1851 1277 vitae
1885 1224 2127 1290 exemplo

556 1322 815 1376 eximium
855 1320 1106 1375 Societati
1147 1323 1307 1375 decus
1346 1330 1507 1389 atque
1548 1323 1889 1390 splendorem
1940 1323 2128 1375 attule—

557 1430 710 1487 runt;
754 1421 855 1475 sibi
896 1439 1024 1475 vero
1053 1430 1254 1489 quanta
1282 1422 1591 1490 pepererint.
1616 1422 1789 1476 laudis
1817 1422 2048 1489 insignia
2076 1430 2129 1475 et

556 1529 872 1576 ornamenta
909 1521 1132 1588 gloriae,
1176 1521 1290 1575 dies
1329 1522 1621 1590 aliquando
1655 1522 1845 1576 ultima
1872 1521 1925 1575 in
1954 1523 2125 1575 lucem

556 1622 792 1689 proferet
812 1620 1186 1675 clarissimam.

626 1721 734 1774 Hac
778 1720 941 1774 etiam
981 1728 1154 1774 aetate
1193 1729 1375 1774 nostra
1403 1721 1456 1774 in
1491 1722 1682 1775 eodem
1716 1720 2125 1775 inservientium

555 1820 744 1874 ordine
790 1820 1343 1888 viriconspiciuntur
1388 1838 1493 1874 non
1539 1821 1714 1889 pauci,
1769 1821 1861 1887 qui
1912 1819 2127 1874 divinae

555 1920 818 1974 Maiestati
858 1921 1189 1973 famulantur
1223 1922 1442 1986 alacres,
1474 1920 1653 1974 dilecti
1681 1921 1787 1974 Deo
1814 1929 1866 1974 et
1893 1919 2128 1974 homini—

556 2021 673 2087 bus,
722 2020 815 2088 qui
860 2020 1111 2074 Societati
1150 2021 1446 2088 plurimum
1492 2020 1724 2074 afferunt
1767 2019 2014 2074 utilitatis
2059 2020 2123 2073 ad

557 2121 792 2174 dandam
815 2119 1114 2188 expeditius
1143 2137 1363 2187 operam
1392 2119 1550 2173 saluti
1580 2119 1905 2172 animorum.

196 2239 374 2293 quinam
394 2240 494 2283 sint.
625 2218 709 2274 ²16.
754 2219 819 2272 lli
870 2236 991 2273 vero
1036 2219 1259 2287 quinam
1298 2220 1456 2272 sunt?
1503 2219 1579 2271 llli
1631 2219 1848 2285 scilicet,
1891 2236 2124 2286 quorum

557 2319 794 2373 delectus
827 2318 1043 2372 habitus
1075 2327 1155 2372 est
1182 2318 1411 2385 diligens
1439 2327 1491 2372 et
1522 2327 1824 2386 peremtum,
1856 2336 1990 2386 quos
2018 2318 2126 2372 vita

557 2426 702 2472 extra
753 2417 1072 2472 Societatem
1118 2426 1232 2471 acta
1277 2418 1638 2484 commendat,
1687 2435 1931 2486 quosque
1981 2426 2126 2471 ante-

556 2535 720 2586 quam
760 2535 957 2572 nomen
989 2518 1180 2571 darent
1210 2516 1480 2583 Societati,
1512 2516 1825 2585 Superiores
1863 2534 2127 2583 cognove-

556 2624 681 2670 runt
701 2616 766 2670 ad
790 2617 1045 2670 virtutem
1068 2633 1182 2670 esse
1203 2633 1515 2684 propensos
1550 2615 1700 2679 Quod
1722 2618 1886 2670 latere
1908 2634 1997 2670 eos
2018 2633 2124 2669 non

556 2723 748 2784 potest,
780 2715 873 2783 qui
902 2733 1023 2769 cum
1055 2715 1182 2768 viris
1209 2724 1375 2781 agunt
1415 2716 1741 2783 frequenter,
1772 2734 1863 2770 eos
1890 2715 1945 2769 in
1972 2716 2127 2769 soda-

557 2815 731 2868 litates
758 2822 1090 2881 congregant
1118 2815 1198 2867 vel
1227 2814 1391 2867 sacris
1413 2815 1960 2869 commentationibus
1982 2832 2127 2869 exer-

555 2923 693 2969 cent.

181 3040 289 3082 Sunt
314 3039 394 3082 viri
427 3038 510 3083 rite
624 3014 707 3068 217.
751 3012 957 3068 Solacio
985 3013 1041 3066 hi
1064 3021 1186 3066 sunt
1207 3012 1456 3067 Societati
1479 3015 1784 3081 Adiutores,
1810 3015 1902 3083 qui
1925 3015 2035 3083 apti
2057 3017 2122 3070 ad

249 3094 438 3145 ¹⁵⁰¹'¹'¹²¹¹i’
557 3132 675 3169 eam
723 3113 944 3181 inventi,
988 3113 1126 3167 vitae
1174 3114 1456 3179 religiosae
1495 3115 1759 3183 principia
1797 3116 1993 3183 edocti,
2035 3116 2125 3169 iis-

556 3216 789 3282 demque
811 3212 1006 3267 imbuti
1027 3212 1258 3281 penituS,
1284 3214 1484 3280 egressi
1513 3232 1540 3269 e
1570 3213 1816 3268 tirocinio
1844 3231 1950 3268 non
1978 3224 2119 3282 sunt,
