2315 3559
342 257 408 293 DE
434 256 511 292 BB.
544 254 668 291 EDM.
701 252 949 290 emmam
977 252 1038 288 ET
1067 250 1327 287 socloRcM
1358 245 1620 285 1110111110
1693 228 1751 281 31

207 419 327 454 mur
370 398 611 453 animum
655 413 878 450 avocare
926 396 992 448 ab
1038 394 1121 459 iis,
1174 409 1312 460 quae
1357 392 1620 444 abducere
1666 405 1760 441 nos

205 518 233 553 a
271 500 377 552 Deo
415 505 576 564 atque
613 496 841 549 avellere
879 501 1118 561 possunt.
1149 492 1401 545 Versatur
1445 488 1589 542 enim
1628 488 1757 540 haec

206 597 456 663 religiosa
477 594 669 649 militia
696 601 877 647 nostra
898 592 952 645 in
974 591 1194 645 caritate
1215 588 1559 657 perficienda.
1586 585 1762 639 Poscit

205 705 383 750 autem
422 693 658 748 caritatis
698 691 1054 759 perficiendae
1089 688 1245 753 ratiO,
1276 696 1334 741 ut
1359 717 1425 723 —
1453 686 1614 739 verba
1641 691 1763 736 sunt

1821 397 1862 434 et
1886 391 2131 435 amovendo

1839 460 1902 494 ea,
1925 459 2036 498 quae
2065 460 2089 487 a

1808 499 1896 543 lleo
1908 499 2132 543 abducunt

1867 554 2072 603 animum,

206 794 444 850 Doctoris
465 792 704 859 Angelici
730 822 797 828 —
824 805 849 838 ((
879 790 945 844 ab
972 789 1165 843 affectu
1193 786 1430 841 hominis
1453 785 1763 839 excludatur
1827 852 1830 854 v

209 913 233 946 )>
274 910 380 947 non
425 893 597 945 solum
642 890 793 954 illud,
841 889 987 955 quod
1032 895 1109 941 est
1152 884 1362 940 caritati
1407 882 1758 946 contrarium,

210 1012 234 1043 ))
275 993 366 1045 sed
411 990 572 1044 etiam
599 1006 757 1042 omne
801 987 951 1051 illud,
983 987 1126 1053 quod
1174 983 1418 1051 impedit,
1449 1000 1514 1035 ne
1553 982 1766 1051 affectus

211 1110 235 1142 ))
282 1089 477 1143 mentis
527 1087 760 1141 totaliter
807 1085 1088 1153 slirifflttur
1136 1084 1205 1136 ad
1251 1083 1443 1146 Deum,
1492 1080 1605 1133 sine
1655 1096 1762 1145 qua

210 1208 235 1240 »
276 1186 600 1256 perfectione
627 1185 818 1239 caritas
852 1201 965 1237 esse
1004 1200 1110 1236 non
1150 1189 1341 1250 potest,
1373 1188 1500 1248 puta
1538 1177 1593 1231 in
1632 1175 1763 1229 inci-

211 1305 235 1338 »
276 1285 545 1353 pientibus
574 1292 625 1338 et
650 1281 1072 1352 proficientibus.
1107 1301 1132 1334 )>
1162 1281 1312 1344 Quod
1341 1281 1507 1349 probe
1538 1292 1762 1330 noscens

208 1385 258 1440 S.
295 1386 490 1438 Parens
530 1392 727 1449 noster,
759 1381 957 1435 summi
995 1380 1257 1435 momenti
1284 1381 1526 1446 regulam
1554 1376 1758 1441 statuit,

211 1502 348 1552 quae
386 1492 464 1537 est
502 1491 688 1536 octava
725 1480 1033 1536 Summarii.
1067 1481 1211 1534 Hanc
1250 1497 1372 1533 cum
1411 1481 1529 1545 lego
1563 1477 1766 1532 afficior

211 1585 411 1637 dolore.
438 1582 591 1647 Legis
613 1580 931 1648 sapientiam
955 1579 1213 1644 admiror,
1240 1577 1601 1643 legislatorem
1624 1578 1759 1641 colO,

210 1700 416 1751 precor,
437 1697 660 1735 veneror
673 1698 684 1744 ;
710 1678 984 1732 lenitatem
1005 1696 1126 1732 vero
1148 1678 1202 1731 in
1224 1678 1408 1742 regula
1430 1676 1767 1742 exsequenda

210 1790 260 1835 et
298 1779 689 1847 indulgentiam
727 1786 967 1831 nostram
994 1779 1276 1830 lamentor.
1308 1776 1399 1828 Est
1426 1776 1555 1829 haec
1582 1776 1768 1841 regula

209 1885 529 1951 deprompta
578 1898 638 1934 ex
694 1876 1174 1933 Constitutionibus
1230 1875 1379 1943 ipsis,
1444 1874 1767 1943 quibuscum

210 1984 441 2037 Examen
462 1980 709 2047 generale
736 1977 996 2044 iungitur,
1027 1978 1171 2044 quod
1200 1975 1430 2030 eundem
1458 1975 1620 2029 hahet
1646 1992 1769 2028 auc-

210 2091 382 2137 torem
421 2080 708 2148 Ignatium.
745 2077 996 2132 Summae
1023 2075 1249 2144 proinde
1277 2093 1337 2129 ea
1364 2083 1442 2129 est
1468 2074 1763 2128 secundum

210 2180 626 2236 Constitutiones
653 2176 982 2246 Apostolicas
1009 2174 1362 2229 auctoritatis.

279 2280 328 2334 6.
371 2281 483 2333 Iam
537 2295 659 2332 vero
698 2276 860 2331 edicit
909 2276 1039 2328 haec
1076 2274 1210 2328 tanti
1260 2272 1513 2341 ponderis
1564 2272 1767 2338 regula,

211 2388 438 2448 patrem,
480 2385 728 2441 matrem,
766 2376 955 2429 fratres
994 2381 1046 2428 et
1083 2390 1293 2427 sorores
1326 2381 1379 2426 et
1406 2371 1666 2440 quicquid
1712 2371 1767 2424 in

213 2478 415 2531 mundo
449 2475 815 2540 habuerimUS,
853 2491 967 2528 esse
995 2472 1430 2540 relinquendum,
1472 2479 1523 2524 et
1549 2489 1613 2525 ne
1652 2471 1773 2538 quis

214 2583 453 2643 negaret,
493 2592 611 2628 eam
647 2575 820 2639 legem
858 2572 1130 2626 continere
1157 2588 1342 2624 omnes
1381 2578 1432 2624 et
1465 2570 1611 2624 omni
1644 2577 1777 2623 tem-

216 2692 344 2743 pore
388 2683 440 2728 et
476 2673 530 2726 in
575 2672 722 2726 omni
765 2674 900 2737 1000,
948 2679 1000 2725 et
1032 2688 1098 2724 ne
1137 2670 1256 2737 quis
1295 2677 1572 2734 assereret,
1614 2668 1774 2722 aliam

216 2791 330 2827 esse
356 2790 514 2837 nunc,
550 2770 709 2824 aliam
740 2771 982 2838 posthac,
1022 2769 1182 2823 aliam
1212 2769 1277 2822 ad
1311 2769 1585 2833 Austrum,
1616 2767 1776 2820 aliam

217 2872 282 2925 ad
316 2869 657 2938 Aquilonem,
703 2870 809 2922 lata
863 2876 942 2922 est
994 2869 1203 2923 Christo
1258 2866 1485 2921 Domino
1540 2874 1773 2919 auctore.

219 2985 245 3018 ((
286 2971 350 3024 Et
386 2969 579 3035 omniS,
620 2968 713 3036 qui
746 2968 1026 3036 reliquerit
1059 2969 1301 3032 domum,
1344 2967 1423 3020 vel
1459 2967 1647 3019 fratres
1685 2971 1775 3017 aut

220 3088 246 3121 »
286 3085 515 3134 sororeS,
551 3075 641 3121 aut
667 3074 894 3134 patrem,
925 3074 1016 3120 aut
1042 3074 1290 3131 matrem,
1320 3072 1412 3119 aut
1437 3080 1656 3117 uxorem
1683 3070 1775 3115 aut

221 3185 247 3218 1)
287 3165 445 3231 filios,
475 3174 566 3220 aut
592 3182 748 3231 agros
775 3172 994 3232 propter
1018 3181 1215 3218 nomen
1236 3180 1436 3226 meum,
1467 3161 1775 3228 centuplum

1810 1274 2047 1314 2.2.q.1e31.a
2062 1276 2138 1305 2.0.

1812 1479 1929 1532 quod
1971 1479 2139 1532 praeci-

1856 1534 1920 1587 pit
1941 1534 2094 1586 regula

1813 1596 1964 1632 octava
1975 1588 2138 1631 Summ.

1951 1643 2002 1685 de

1839 1697 2115 1750 parentibus.

1855 1793 1995 1822 Exam.
2007 1800 2099 1831 gen.

1876 1841 1909 1865 c.
1927 1834 1991 1864 lv.
2006 1842 2046 1864 11.
2059 1833 2078 1864 7

1820 2365 1869 2409 Hi
1893 2366 2148 2462 relinquen-

1949 2436 1960 2461 (
1979 2435 2005 2462 l.

1840 3059 1983 3092 Matth.
2003 3059 2053 3096 19,
2070 3059 2124 3090 29.
