2315 3559
220 193 286 232 DE
325 193 593 232 PERICULIS
631 193 917 232 TEMPORUM
957 193 1273 232 Nosrnossum
1314 194 1563 232 CAvssxms
1601 178 1692 233 0271

151 345 343 404 senteS,
403 355 540 406 quae
579 354 692 392 rem
736 337 1035 404 legentibus
1074 354 1181 391 non
1231 337 1449 391 dubiam
1506 346 1702 391 testan-

150 444 253 489 tur.
296 436 408 498 Quo
448 444 626 490 autem
671 436 1005 490 manifestius
1062 435 1116 488 in
1161 437 1259 488 hoc
1311 435 1698 489 secundissimo

148 551 328 586 rerum
395 552 554 587 cursu
611 542 867 601 appareat
929 551 1180 601 praesens
1242 533 1334 587 Dei
1397 533 1699 587 miserentis

146 649 345 686 numen
389 633 454 686 ad
494 632 813 687 Societatem
852 633 1108 686 tuendam
1148 640 1309 699 atque
1348 632 1696 698 dilatandam,

147 749 272 798 prae
323 732 489 786 oculis
540 732 849 785 habendum
896 739 992 798 est,
1059 731 1249 799 primis
1300 731 1404 784 illis
1454 731 1700 785 conditae

147 830 421 885 Societatis
471 831 819 898 temporibus,
873 848 996 884 cum
1041 830 1242 898 ubique
1288 830 1442 885 Fides
1489 830 1702 897 vigebat

146 930 467 999 penitusque
512 929 670 983 insita
710 930 965 983 haerebat
998 928 1243 983 omnium
1280 928 1492 995 animiS,
1535 929 1704 983 maio-

146 1047 229 1084 res
289 1037 499 1083 nostros
561 1046 668 1082 non
735 1029 896 1083 modo
983 1029 1325 1096 populorum,
1385 1029 1473 1082 sed
1539 1028 1700 1082 etiam

145 1127 388 1195 publicae
454 1127 530 1181 rei
601 1128 1009 1182 moderatorum
1071 1127 1340 1195 praesidio
1391 1135 1443 1181 et
1487 1127 1703 1180 munifi-

144 1226 317 1281 centia
383 1244 540 1295 saepe
605 1244 729 1281 usos
798 1227 991 1293 fuisse;
1068 1235 1360 1295 nactosque
1431 1227 1701 1281 Romanos

150 1326 448 1393 PontificeS,
503 1326 766 1380 Ecclesiae
823 1325 1110 1393 principes,
1171 1343 1445 1380 sacrorum
1497 1326 1703 1379 antisti-

145 1433 241 1492 teS,
290 1442 461 1492 reges,
511 1425 816 1493 optimates,
870 1425 1236 1492 magistratus,
1291 1425 1384 1493 qui
1435 1428 1700 1493 prol'essas

146 1525 335 1579 domos
391 1533 441 1579 et
485 1526 685 1592 templa
740 1525 1050 1592 conderent,
1099 1525 1431 1592 amplissima
1476 1525 1699 1592 collegia

146 1641 253 1677 non
316 1624 491 1677 solum
547 1632 896 1690 exstruerent,
962 1624 1053 1678 sed
1123 1631 1174 1677 et
1234 1624 1376 1677 laute
1438 1624 1700 1678 reditibus

143 1731 419 1789 augerent,
461 1730 669 1776 nostras
718 1722 896 1776 ubivis
947 1723 1190 1776 locorum
1241 1722 1525 1777 missiones
1578 1741 1702 1790 pro-

148 1823 402 1877 veherent
467 1830 519 1876 et
591 1822 845 1876 munifice
913 1830 1291 1876 sustentarent.
1364 1822 1464 1877 Sed
1539 1823 1701 1877 vertit

146 1921 359 1975 fortuna
403 1929 522 1988 post
564 1921 867 1975 restitutam
911 1920 1249 1975 Societatem.
1294 1921 1365 1974 Ex
1402 1939 1510 1989 quo
1554 1922 1698 1976 enim

145 2021 434 2075 Ecclesiam
495 2021 797 2089 perduelles
848 2021 946 2074 filii
995 2021 1151 2074 bonis
1203 2021 1454 2075 omnibus
1506 2022 1698 2089 spolia-

143 2128 290 2186 runt;
346 2121 425 2174 vel
464 2119 594 2188 ipsis
639 2120 762 2187 illis,
805 2120 898 2188 qui
937 2120 1288 2188 amplissimis
1328 2120 1382 2174 in
1428 2120 1518 2174 illa
1557 2121 1698 2175 aucti

140 2227 264 2273 sunt
313 2219 683 2286 dignitatibus,
742 2219 944 2287 quique
1003 2218 1253 2273 Societati
1313 2227 1527 2274 nostrae
1584 2238 1697 2275 sese

143 2319 278 2373 mire
322 2336 617 2387 propensos
656 2327 946 2387 praestant,
978 2336 1136 2387 saepe
1182 2319 1402 2373 facultas
1447 2320 1697 2387 adempta

141 2426 220 2472 est
267 2418 357 2472 illa
399 2418 681 2472 nobiscum
725 2417 1044 2472 liberalitate
1088 2418 1294 2485 utendi,
1336 2436 1442 2486 qua
1479 2436 1692 2487 semper

140 2516 223 2570 usi
296 2517 513 2570 fuerunt
577 2517 670 2584 qui
732 2516 788 2570 in
848 2516 1052 2571 eisdem
1120 2517 1525 2583 magistratibus
1588 2518 1693 2571 illis

144 2615 494 2669 anteiverant.
541 2616 583 2668 A
625 2615 850 2669 summis
889 2624 1068 2670 autem
1106 2617 1432 2685 populorum
1471 2616 1696 2671 ducibus

144 2714 330 2782 reique
357 2714 600 2782 publicae
627 2714 960 2768 administris
989 2716 1314 2783 quandoque
1353 2732 1512 2784 opem
1553 2716 1698 2769 auxi-

144 2815 386 2882 liumque
414 2814 746 2880 rettulimus;
790 2815 880 2868 sed
921 2832 1077 2883 saepe
1122 2815 1284 2869 etiam
1324 2815 1499 2869 omnis
1537 2833 1696 2882 gene-

145 2913 217 2967 ris
262 2913 532 2967 molestias
570 2921 621 2967 et
658 2912 1033 2967 insectationes
1073 2913 1276 2982 experti
1315 2931 1518 2968 sumus,
1560 2914 1693 2967 Nam

145 3013 318 3078 multi,
389 3012 532 3066 falsis
606 3012 709 3065 illis
776 3012 1140 3080 opinionibUS,
1211 3031 1344 3081 quas
1418 3013 1693 3067 irridendo

148 3126 174 3160 c(
219 3112 464 3166 liberales
510 3130 535 3163 ))
593 3118 802 3177 vocant,
860 3111 1107 3166 innutriti
1156 3113 1367 3179 alteque
1429 3112 1689 3179 occupati,

1862 1836 1949 1865 non

1772 1875 2037 1921 hominibus.
