2315 3559
857 227 945 264 INT
973 242 1039 247 —
1066 227 1147 265 1Es
1682 213 1783 269 443

286 372 345 416 Ex
366 371 620 415 intentionis
642 383 747 414 vero
768 371 958 424 puritate
980 385 1109 425 quam
1131 372 1266 415 multa
1286 373 1507 426 profluant
1527 373 1640 417 bona
1659 374 1785 418 facile

230 456 476 510 percipitur
497 456 586 508 (ΙΙΙ,
611 455 700 507 146,
730 455 837 508 147).

287 541 453 595 Regula
484 540 689 585 iubemur
722 553 939 594 quaerere
976 540 1112 585 Deum
1146 541 1191 585 in
1227 540 1431 585 omnibus
1466 541 1516 593 (Ι,
1559 541 1649 592 165,
1688 542 1785 594 439)

232 627 477 671 intentione
507 632 628 670 recta
647 626 696 678 (Ι,
716 625 811 679 207,
833 625 932 679 241)
964 633 1007 670 et
1035 627 1223 679 sincera,
1258 627 1395 671 solam
1426 627 1503 671 Dei
1534 633 1786 681 spectantes

233 713 416 766 gloriam
452 718 495 756 et
528 711 771 755 animarum
807 711 990 756 salutem
1025 713 1096 765 (ΙΙ,
1132 712 1228 765 232,
1265 712 1378 764 356).
1418 712 1536 764 Quae
1569 712 1788 756 rectitudo

231 805 362 852 atque
384 798 630 851 sinceritas,
655 798 689 841 si
712 805 830 841 tanta
858 798 990 842 debet
1011 812 1110 843 esse
1131 799 1175 842 in
1198 798 1403 843 omnibus
1425 798 1553 842 nobis
1575 798 1646 851 (ΙΙ,
1671 797 1784 851 338),

233 890 396 938 quanto
417 883 556 937 magis
577 882 629 927 iis
652 884 726 937 qui
747 883 982 928 missiones
1003 891 1175 928 exteras
1198 884 1393 938 cogitant
1413 884 1484 936 (ΙΙ,
1508 882 1622 936 357).

288 968 429 1013 Facile
451 969 628 1023 quidem
650 969 768 1013 dictu
789 968 850 1013 ad
870 970 1070 1024 ylom'am
1092 970 1175 1013 Dei
1188 971 1203 1013 f
1226 970 1302 1014 sed
1324 970 1455 1014 etiam
1478 969 1574 1014 sine
1596 968 1790 1013 vanitate

233 1055 276 1098 in
299 1055 483 1109 gloriam
506 1054 582 1099 Dei
605 1055 780 1109 operari
800 1055 966 1099 utinam
988 1062 1074 1100 tam
1095 1055 1222 1100 facile
1243 1056 1299 1100 sit
1319 1055 1391 1110 (ΙΙ,
1413 1055 1537 1107 284)!
1562 1055 1639 1099 Est
1660 1067 1793 1109 saepe

236 1154 348 1184 vana
387 1140 526 1194 gloria
556 1154 645 1184 non
674 1141 771 1185 leve
800 1141 1162 1195 impedimentum
1201 1141 1366 1185 nostris
1413 1140 1793 1185 contionatoribus

236 1227 286 1279 (1,
310 1226 422 1279 344),
447 1226 631 1280 aliisque
652 1227 696 1269 in
719 1226 892 1270 sublimi
914 1226 1137 1271 collocatis
1159 1227 1229 1279 (II,
1255 1227 1339 1280 74).
1363 1226 1488 1271 Absit
1507 1226 1591 1270 ista
1610 1225 1796 1276 vanitas,

237 1329 260 1359 a
301 1315 458 1369 spiritu
505 1315 732 1359 Societatis
782 1315 963 1359 nimium
1012 1315 1272 1369 discrepans
1322 1316 1392 1370 (ΙΙ,
1444 1315 1539 1366 249,
1593 1314 1687 1358 314.
1731 1313 1793 1358 Cf.

240 1402 270 1451 Ι,
303 1400 523 1454 375-377);
557 1401 669 1444 absit
705 1400 1037 1444 commodorum
1077 1400 1267 1444 studium
1299 1407 1342 1445 et
1372 1400 1588 1455 cupiditas
1619 1400 1668 1453 (Ι,
1699 1399 1793 1443 382.

240 1486 300 1530 Cf.
339 1486 390 1537 ΙΙ,
428 1485 547 1538 247);
591 1485 735 1530 absint
774 1492 1005 1540 respectus
1044 1486 1222 1530 humani
1264 1499 1418 1530 omnes
1458 1486 1528 1539 (ΙΙ,
1567 1485 1660 1540 173,
1699 1486 1792 1539 174,

246 1572 335 1621 199,
359 1572 472 1625 200),
497 1586 609 1626 quos
641 1571 760 1616 velut
790 1571 939 1615 tenuia
958 1571 1038 1619 fila⁷
1062 1585 1117 1614 ne
1139 1585 1220 1615 nos
1243 1585 1267 1615 a
1287 1571 1374 1615 fine
1405 1571 1649 1624 retardent,
1673 1585 1798 1615 amor

245 1659 418 1703 divinus
440 1659 685 1713 disrumpat
703 1658 755 1711 (Ι,
778 1657 872 1702 322.
898 1657 958 1702 Cf.
984 1658 1053 1708 ΙΙΙ,
1074 1657 1141 1710 97,
1165 1657 1235 1711 98)
1256 1672 1264 1701 ;
1288 1657 1378 1702 vid.
1398 1658 1542 1703 Vetus
1562 1658 1710 1702 homo.

297 1793 598 1838 INTERIORA
619 1807 668 1837 ex
691 1793 851 1848 quibus
879 1794 1073 1838 colorem
1106 1793 1391 1848 speciemque
1423 1794 1589 1838 ducunt
1619 1801 1801 1838 externa

242 1879 294 1932 (Ι,
323 1878 421 1933 363)
449 1886 493 1923 et
523 1879 761 1923 efficaciam
793 1879 846 1923 ad
878 1879 1097 1923 exteriora
1126 1893 1391 1934 permanare
1422 1879 1475 1922 ad
1506 1879 1638 1923 finem
1671 1879 1800 1924 nobis

242 1965 518 2018 propositum
555 1971 732 2019 oportet
764 1965 834 2018 (ll,
872 1965 984 2017 364),
1015 1972 1118 2009 sunt
1145 1965 1290 2009 media
1322 1965 1395 2009 illa
1431 1979 1544 2018 quae
1576 1979 1676 2009 cum
1708 1965 1799 2009 Deo

244 2050 585 2094 instrumentum
625 2051 900 2104 coniungunt
937 2065 986 2094 ac
1022 2051 1264 2105 disponunt
1295 2051 1367 2106 (Π,
1402 2050 1516 2104 252),
1555 2051 1800 2095 cujusmodi

246 2141 347 2179 sunt
370 2150 378 2178 :
402 2135 600 2189 probitas
621 2142 665 2180 et
684 2136 839 2189 virtus,
862 2137 1102 2190 praecipue
1131 2136 1303 2187 caritas,
1324 2150 1436 2190 pura
1456 2136 1658 2189 intentio,
1681 2136 1803 2180 fami-

244 2222 408 2266 liaritas
430 2236 529 2265 cum
552 2222 655 2273 Deo,
677 2229 720 2266 et
740 2222 940 2266 sincerus
970 2222 1088 2266 zelus
1110 2223 1354 2266 animarum
1376 2222 1446 2275 (11,
1469 2222 1564 2267 406.
1590 2223 1661 2266 III.
1685 2222 1800 2277 222),

246 2307 362 2350 Haec
390 2320 511 2350 arma
534 2314 685 2351 nostra
707 2307 947 2361 spiritualia
974 2307 1044 2360 (ΙΙ,
1063 2307 1160 2361 364)
1178 2308 1222 2350 in
1242 2307 1398 2361 primis
1425 2307 1671 2352 adhibenda
1701 2314 1804 2353 sunt

246 2394 298 2437 ad
343 2394 725 2438 conservationem
769 2408 856 2437 non
896 2394 1036 2438 solum
1081 2394 1297 2448 corporis,
1339 2394 1416 2438 sed
1458 2395 1589 2438 etiam
1622 2395 1804 2449 spiritus

248 2479 474 2524 Societatis
505 2479 554 2531 (Ι,
574 2479 641 2523 64.
674 2479 734 2524 Cf.
770 2480 840 2533 ΙΙΙ,
874 2479 986 2532 129).
1024 2479 1122 2525 Vid.
1157 2480 1325 2534 Oratio,
1347 2481 1571 2534 Virtutes,
1600 2481 1745 2525 Zelus.

317 2606 596 2650 INTERNUS
625 2605 778 2650 HOMO
809 2605 1036 2650 Societatis
1066 2606 1157 2660 (ΙΙΙ,
1189 2606 1259 2660 92)
1281 2621 1289 2650 :
1311 2606 1399 2651 vid.
1424 2607 1638 2663 Spiritus.

314 2788 474 2868 lnsus
497 2823 763 2868 CHRISTUS
785 2824 879 2868 heri
902 2831 945 2869 et
964 2825 1095 2870 hodie
1114 2826 1166 2879 (1,
1190 2825 1288 2879 469)
1311 2840 1319 2869 :

307 2913 337 2956 Ι.
371 2912 646 2957 Multifariam
678 2913 930 2957 nominatur
958 2914 1024 2958 his
1061 2914 1213 2959 aliisve
1250 2915 1385 2959 titulis
1420 2929 1429 2958 :
1461 2914 1578 2960 Deus
1609 2915 1807 2960 Salvator

253 3005 297 3042 et
325 2998 536 3042 Dominus
567 3005 720 3042 noster
748 2999 798 3051 (I,
836 2999 929 3052 17);
964 2999 1084 3044 orbis
1119 3000 1390 3054 Redemptor
1418 3000 1489 3054 (ΙΙ,
1523 3000 1635 3054 132),
1668 3000 1806 3045 Resti-

252 3091 371 3128 tutor
391 3084 441 3138 (Ι,
470 3085 534 3136 11)
557 3091 600 3129 et
615 3084 827 3129 Mediator
847 3085 918 3140 (ΙΙ,
936 3086 1002 3138 48,
1022 3086 1145 3140 265);
1166 3086 1428 3141 Unigenitus
1446 3086 1522 3131 Dei
1541 3087 1672 3131 Filius
1689 3087 1803 3140 (1,2);

255 3170 523 3224 sempiterna
563 3170 782 3224 Sapientia
811 3171 860 3224 (l,
891 3172 959 3225 10)
989 3186 1167 3216 carnem
1197 3172 1348 3217 induta
1376 3172 1447 3226 (ΙΙ,
1482 3174 1578 3226 17);
1611 3172 1805 3217 Verbum
