2315 3559
537 204 639 259 410

536 366 604 411 21.

951 222 1272 261 SUMMARIUM
1311 222 1676 261 EPISTULARUM

647 366 774 412 Aliud
794 367 958 411 malum
987 373 1222 422 praeterea
1251 367 1494 412 timendum
1520 382 1528 411 :
1560 367 1896 422 ephemeridum
1919 374 1962 413 et
1982 368 2103 413 libel-

647 453 790 498 lorum
816 453 1045 498 colluvies.

535 538 677 583 22-23.
702 539 869 592 Quibus
890 539 1046 583 mediis
1068 539 1151 583 hoc
1172 538 1418 592 periculum
1440 539 1761 583 removendum
1785 540 1854 584 sit.

535 625 676 670 24-26.
701 625 881 676 Damna,
892 639 1004 679 quae
1028 639 1079 669 ex
1096 639 1209 668 vana
1224 624 1414 669 lectione
1430 625 1626 669 timenda
1648 631 1750 669 sunt
1770 625 1923 677 menti,
1939 625 2101 680 animo,

534 799 602 843 27.

533 970 601 1014 28.

532 1056 601 1100 29.

645 712 902 756 ministeriis
925 711 1108 755 nostris.

646 798 763 843 Haec
786 812 873 841 non
896 797 1177 841 infirmantur
1197 810 1248 841 ex
1270 796 1443 842 obiecta
1465 798 1729 842 necessitate
1751 797 1880 842 huius
1901 796 2103 843 lectionis

645 885 699 928 ad
719 883 965 927 ministeria
984 883 1142 927 melius
1164 882 1385 927 obeunda.

644 970 812 1014 Damna
834 983 947 1023 quae
969 969 1072 1013 inde
1093 969 1289 1013 timenda
1311 975 1414 1013 sunt
1433 969 1513 1013 toti
1535 969 1757 1014 Societati.

645 1056 728 1100 Pro
751 1054 920 1099 viribus
943 1069 1051 1109 ergo
1075 1055 1208 1098 animi
1229 1054 1394 1099 levitati
1418 1054 1724 1098 obnitendum.

532 1140 673 1185 30-31.
700 1141 975 1185 Revocemus
998 1140 1042 1184 in
1064 1146 1258 1184 mentem
1282 1139 1323 1184 S.
1344 1139 1499 1194 Ignatii
1522 1139 1725 1194 spiritum
1749 1139 1822 1193 qui
1844 1139 2104 1184 veritatibus

533 1400 600 1444 32.

533 1485 601 1530 33.

533 1571 601 1615 34.

533 1657 601 1702 35.

533 1745 601 1790 36.

533 1831 601 1876 37.

534 2004 603 2048 38.

643 1227 1059 1281 supernaturalibus
1091 1227 1136 1270 iu
1166 1227 1339 1281 agendo
1373 1226 1628 1280 regebatur,
1649 1232 1694 1270 et
1713 1239 1738 1269 a
1758 1225 1895 1270 rebus
1924 1225 2104 1271 ludicris

647 1313 918 1357 abhorrebat
937 1319 986 1357 ut
1007 1313 1149 1357 solum
1173 1313 1226 1357 de
1249 1313 1326 1357 Dei
1349 1313 1491 1367 gloria
1512 1312 1743 1366 cogitaret.

645 1400 771 1444 Hunc
795 1400 997 1454 spiritum
1019 1399 1117 1444 filiis
1141 1399 1231 1444 suis
1253 1399 1434 1454 reliquit
1454 1399 1499 1443 in
1521 1397 1936 1443 Constitutionibus.

645 1486 751 1531 Inde
774 1485 1068 1539 dignoscendi
1091 1491 1223 1529 erunt
1244 1485 1338 1529 veri
1359 1484 1434 1529 filii
1456 1484 1702 1529 Societatis.

644 1571 793 1616 Altera
812 1571 996 1616 tentatio
1020 1577 1087 1615 est
1109 1585 1194 1625 qua
1216 1584 1298 1615 nos
1323 1570 1377 1614 ad
1398 1569 1648 1614 libertatem
1670 1575 1899 1624 provocat.

644 1657 836 1702 Exitialis
859 1657 1100 1702 effrenatae
1121 1657 1338 1701 libertatis
1361 1656 1542 1711 spiritus
1563 1655 1729 1710 ubique
1746 1669 1956 1710 regnans.

646 1744 1017 1789 Perniciosissimi
1037 1743 1167 1788 huius
1188 1743 1406 1788 libertatis
1430 1742 1630 1787 effectus.

644 1831 706 1875 Ex
755 1831 835 1875 hac
884 1844 1095 1885 magnum
1144 1830 1345 1874 imminet
1390 1828 1642 1883 periculum
1697 1828 1828 1873 etiam
1883 1827 2104 1882 religiosis

645 1917 775 1970 viris;

647 2004 749 2059 quia
770 2003 879 2048 tales
901 2017 1082 2048 errores
1105 2002 1271 2047 sensim
1292 2007 1466 2046 mentes
1487 2002 1690 2056 irrepere
1713 2001 1881 2054 solent3

534 2089 677 2135 39-40.
702 2103 754 2134 eo
776 2088 933 2143 magis,
958 2088 1077 2143 quod
1098 2087 1196 2142 ipsa
1224 2087 1467 2132 domestica
1487 2086 1689 2131 educatio
1712 2086 1766 2130 ad
1786 2086 1900 2130 hanc
1928 2084 2104 2129 liberta-

536 2264 604 2307 41.

535 2349 602 2393 42.

536 2693 603 2738 43.

537 2867 605 2910 44.

539 3040 607 3084 45.

645 2182 733 2220 tem
756 2175 1037 2228 informatur,
1060 2180 1104 2219 et
1125 2173 1285 2218 deinde
1306 2174 1376 2218 vix
1396 2187 1606 2228 umquam
1628 2172 1816 2217 exuitur.

648 2263 701 2307 At
722 2268 844 2307 certe
867 2262 1045 2317 aliquod
1068 2262 1222 2306 saltem
1244 2275 1430 2316 germen
1451 2261 1695 2306 timendum
1717 2266 1797 2305 est.

647 2349 725 2393 Hic
748 2349 930 2404 spiritus
953 2349 1132 2393 omnino
1156 2348 1380 2402 discrepat
1400 2362 1425 2392 a
1446 2347 1603 2402 spiritu
1624 2346 1867 2392 Societatis.
1889 2346 2034 2399 Quare
2050 2346 2104 2391 ad

646 2435 766 2479 illum
808 2435 1100 2479 avertendum
1134 2434 1174 2478 S.
1215 2434 1345 2478 Pater
1378 2434 1538 2478 Noster
1575 2432 1867 2488 praescripsit
1903 2447 2104 2477 mensem

647 2521 967 2565 Exercitiorum
1003 2521 1320 2575 spiritualium;
1355 2526 1399 2564 et
1437 2534 1493 2564 ne
1527 2519 1624 2574 quis
1664 2519 1972 2564 admitteretur
2010 2518 2106 2563 sine

646 2608 878 2662 proposito
902 2612 976 2651 aut
998 2607 1219 2652 desiderio
1243 2607 1509 2651 christianae
1531 2605 1854 2660 abnegationis.

648 2693 984 2739 Oboedientiam
1026 2699 1070 2738 et
1107 2693 1396 2737 humilitatem
1436 2692 1574 2737 voluit
1621 2698 1845 2746 tamquam
1889 2696 2105 2736 tesseram

649 2780 889 2824 sociorum.

649 2866 702 2910 Et
721 2866 905 2918 merito;
932 2865 1035 2920 quia
1055 2880 1079 2909 a
1101 2865 1259 2920 spiritu
1290 2864 1506 2910 libertatis
1538 2864 1801 2919 gravissima
1829 2863 1943 2908 mala
1962 2862 2106 2908 Socie-

648 2951 725 2997 tati
747 2950 945 2996 timenda
967 2956 1083 2995 sunt.

649 3039 691 3084 Si
713 3038 861 3093 vigeat
889 3037 1070 3092 spiritus
1098 3037 1342 3091 Societatis‚
1379 3051 1468 3082 non
1496 3036 1681 3082 multum
1714 3036 1907 3081 oberunt
1936 3034 2106 3080 externi

650 3126 802 3169 hostes
828 3139 837 3168 :
