2315 3559
209 406 287 436 rislo
312 405 515 437 servanda

289 447 330 478 in
356 448 431 478 rat.

222 497 355 521 conse.
381 487 492 520 redd.

268 1536 450 1579 findruni

271 1606 439 1643 inuans,

329 3228 407 3257 rer

222 3283 509 3321 generosunm

572 252 672 306 ‘110
745 270 990 307 EPISTULA
1034 271 1080 307 P..
1127 271 1171 307 Ρ.
1215 272 1264 308 Ν.
1309 271 1426 308 ΑΝΤ.
1478 272 1601 308 MAn.
1650 272 1958 309 ANDERLEDY

572 412 843 466 interdum
880 414 1119 479 regimen
1157 424 1401 468 nestrum
1441 424 1719 469 externum
1754 416 1925 482 magis
1971 434 2135 483 quam

570 512 795 566 interius
818 532 931 567 esse
955 513 1217 580 videatur,
1242 532 1299 567 ae
1323 524 1606 581 prepterea
1628 514 1795 568 menti
1818 514 1868 568 S.
1897 515 2135 569 Parentis

569 612 748 665 Nostri
789 613 1012 665 minime
1050 621 1495 673 ‹fensentaneurm
1540 615 1679 668 haud
1724 614 1834 667 seio
1884 633 1950 667 an
2002 615 2134 669 illud

568 712 634 766 sit
663 731 871 778 causae,
904 713 1048 779 quod
1088 712 1289 778 rogniti
1330 731 1435 766 non
1475 714 1582 767 sint
1621 714 1704 779 iis,
1735 713 1829 781 qui
1858 723 2131 782 praesunt,

568 812 736 865 animi
799 812 899 864 sibi
961 811 1345 865 subiectorum.
1401 812 1498 875 Qui
1551 813 1593 866 si
1648 814 1812 880 prebe
1870 814 2135 881 perspecti

570 911 634 964 iis
681 919 873 976 essent,
917 928 1022 963 non
1064 920 1281 977 possent
1319 929 1424 965 nen
1465 912 1693 978 diligere
1733 913 1897 966 etiam
1939 913 2130 979 magis,

569 1029 704 1078 quos
762 1011 852 1064 Dei
912 1010 1254 1064 Providentia
1310 1029 1497 1065 eorum
1548 1031 1708 1066 (surae
1755 1012 2029 1067 commisit
2085 1021 2136 1067 et

570 1111 794 1164 influere
845 1110 898 1163 in
950 1128 1137 1164 eorum
1189 1110 1418 1172 animos,
1472 1129 1771 1180 eorumque
1834 1114 2135 1180 prefectum

570 1211 783 1273 iuvare;
838 1218 1000 1277 atque
1050 1211 1246 1264 horum
1313 1211 1549 1265 vicissim
1600 1212 1782 1265 animo
1845 1212 2136 1279 tranquilla

570 1330 668 1379 pax
707 1311 983 1377 insideret,
1014 1311 1303 1364 commissa
1337 1311 1674 1378 praesidibus
1702 1331 1885 1366 rerum
1914 1331 2135 1366 suarum

569 1428 714 1477 eura,
759 1409 920 1464 etiam
961 1409 1296 1464 intimarum.

637 1509 732 1562 Vix
771 1509 877 1563 diei
921 1518 1101 1563 autem
1147 1517 1339 1577 petest,
1389 1518 1653 1576 quantum
1700 1511 1828 1564 haee
1874 1510 2137 1577 tranquil-

569 1608 689 1663 litas
735 1609 903 1662 animi
947 1611 1187 1663 censerat
1230 1609 1296 1662 ad
1343 1626 1529 1676 pacem
1584 1608 1724 1662 inter
1769 1626 1864 1663 nos
1917 1627 2137 1664 coneor-

570 1709 827 1777 diamque
888 1710 1163 1763 tuendam.
1217 1708 1624 1776 Tranquillitate
1676 1709 1820 1763 enim
1874 1709 1927 1762 in
1982 1710 2136 1763 nohis

569 1808 877 1875 constituta,
909 1826 968 1862 ae
997 1816 1340 1875 praegustata
1367 1809 1776 1875 quedammodo
1813 1808 1958 1876 paeis
2000 1827 2140 1863 sem-

571 1907 813 1975 piternae
858 1907 1141 1973 suavitate,
1184 1907 1534 1961 iucunditatis
1587 1907 1747 1960 huius
1795 1907 1959 1961 etiam
2004 1908 2137 1961 alios

572 2008 745 2061 faeere
795 2007 1082 2075 participes
1127 2015 1179 2061 et
1226 2006 1508 2061 caritatem
1555 2006 1609 2059 in
1664 2008 1853 2060 fratres
1906 2007 2138 2061 retinere

570 2106 930 2160 studebimus.
974 2106 1087 2169 Quo
1128 2106 1237 2171 fiet,
1271 2113 1327 2158 ut
1365 2106 1560 2158 domus
1601 2114 1815 2159 nostrae
1853 2106 2138 2160 beatorum

571 2207 722 2261 sedes
762 2224 877 2260 esse
918 2204 1202 2259 videantur
1241 2212 1292 2258 et
1330 2203 1489 2258 Cordi
1525 2203 1731 2271 divine,
1764 2204 1909 2271 quod
1946 2205 2139 2270 flagrat

570 2323 756 2360 amore
795 2304 983 2370 nostri,
1013 2322 1105 2358 eor
1144 2303 1306 2358 etiam
1346 2311 1614 2369 nostrum,
1658 2304 1887 2357 fratrum
1927 2321 2134 2370 amans,

569 2404 943 2472 gratissimum
984 2403 1258 2457 reddatur.

642 2505 697 2558 ld
744 2511 948 2571 spectat
985 2504 1158 2556 eultus
1197 2501 1282 2556 SS.
1326 2501 1531 2566 Cordis,
1576 2509 1634 2554 ut
1671 2520 1793 2555 eara
1834 2509 1886 2555 et
1923 2509 2138 2569 accepta

571 2603 679 2657 sint
739 2603 846 2657 Dee
908 2602 1071 2657 etiam
1129 2602 1291 2655 eorda
1342 2608 1542 2654 nestra.
1598 2601 1728 2655 Cara
1789 2608 1969 2654 autem
2031 2601 2138 2654 Deo

572 2710 696 2755 sunt
755 2702 918 2756 eorda
967 2718 1091 2755 eum
1142 2718 1204 2755 eo
1254 2699 1560 2766 coniuncta,
1615 2699 1825 2754 divulsa
1887 2718 1916 2753 a
1978 2699 2136 2753 rebus

572 2800 783 2866 creatis,
832 2800 994 2854 etiam
1045 2818 1073 2853 a
1129 2807 1299 2853 semet
1350 2798 1498 2866 ipsis,
1542 2807 1726 2867 aperta
1765 2799 2135 2867 superioribus

575 2901 913 2966 fratrumque
969 2898 1223 2952 amantia.
1283 2898 1373 2951 llis
1427 2898 1715 2952 virtutibus
1773 2898 1816 2951 si
1879 2907 2138 2952 ornentur

574 2999 738 3053 corda
810 3006 1009 3065 nostra,
1076 2998 1129 3050 in
1204 2997 1332 3065 ipsis
1401 2998 1563 3052 etiam
1627 2997 1788 3051 inerit
1855 2998 2016 3051 decus
2078 3016 2137 3050 ae

574 3099 828 3167 splendor
872 3097 1039 3152 animi
1085 3097 1273 3151 excelsi
1318 3106 1479 3165 atque
1523 3096 1788 3163 generosi.

645 3197 1083 3265 Magnanimitate
1156 3205 1336 3251 autem
1411 3195 1825 3250 similitudinem
1907 3196 2138 3248 reserent
