2315 3559
503 231 605 287 420
1123 247 1224 285 AUL
1249 261 1315 266 —
1342 245 1440 283 BEN

505 394 637 437 immo
690 393 895 438 omnibus
937 392 1055 436 omni
1106 398 1308 445 tempore
1361 389 1614 434 necessaria
1654 394 1722 432 est
1761 389 1810 441 (1,
1851 387 2069 442 129-1302).

504 479 727 534 Sapientia
755 492 891 534 porro
924 478 1069 521 divina
1092 482 1305 521 attentum
1329 475 1592 530 discipulum
1616 474 1746 528 erigit
1766 474 1816 527 (I,
1835 473 1929 525 310,
1956 473 2073 527 311.)

558 606 792 651 AULICUS
814 604 1082 658 SPIRITUS,
1098 602 1325 657 multiplex
1345 602 1591 657 periculum
1615 607 1683 645 est
1698 615 1753 644 ne
1775 601 2003 645 hauriatur
2019 599 2072 643 ab

504 692 556 736 iis
580 692 653 746 qui
686 692 938 746 Principum
970 689 1090 734 aulas
1121 689 1411 742 frequentant
1440 689 1510 741 (ll,
1532 687 1597 739 75,
1619 687 1688 740 76)
1714 701 1723 730 :
1748 686 1839 731 vid.
1871 686 2075 737 Externi,

502 780 731 824 Externus
751 779 900 823 homo.

557 895 829 940 AVARITIA
851 907 935 948 qua
959 893 1057 947 quis
1079 892 1237 936 merito
1256 905 1414 936 avarus
1433 891 1594 936 dicitur
1609 904 1716 945 erga
1737 890 1875 934 Deum
1892 888 1941 943 (I,
1959 888 2072 942 137):

502 981 593 1026 vid.
619 982 779 1037 Tepor.

556 1070 767 1114 Avaritia
798 1082 884 1122 qua
916 1081 1004 1111 non
1037 1066 1179 1110 solum
1213 1079 1373 1109 avarus
1405 1071 1473 1110 est
1504 1064 1579 1119 qui
1611 1064 1786 1118 quaerit
1815 1063 1972 1117 aliena,
1997 1063 2074 1107 sed

503 1156 630 1200 etiam
657 1156 729 1209 qui
754 1154 912 1209 cupide
935 1153 1103 1208 appetit
1125 1166 1203 1197 sua
1224 1154 1274 1206 (l,
1296 1152 1394 1205 464)
1420 1166 1428 1195 ε
1452 1151 1543 1196 vid.
1568 1151 1906 1207 Temperantia.

564 1343 739 1421 ssEATI
775 1388 887 1429 quos
918 1389 969 1419 ex
1005 1377 1104 1421 filiis
1140 1374 1364 1427 quondam
1401 1372 1492 1417 suis
1526 1372 1722 1416 Societas
1753 1372 1807 1416 ad
1838 1371 2072 1416 Beatorum

502 1472 697 1515 honores
720 1476 899 1514 evectos
922 1469 1029 1514 vidit
1050 1470 1121 1522 (ll,
1140 1468 1240 1521 0296)
1265 1483 1273 1511 :
1298 1467 1389 1512 vid.
1412 1467 1582 1512 Sancti.

557 1597 833 1642 BEATITAS
844 1597 912 1641 vel
926 1595 1241 1641 BEATITUDO
1253 1593 1735 1650 sempiterna(l,47‚49)
1752 1608 1760 1637 :
1777 1592 1867 1637 rid.
1883 1593 2074 1638 Merces·

561 1684 805 1729 Beatitudo
828 1683 942 1727 vitae
965 1682 1200 1736 religiosae
1222 1682 1291 1735 (11,
1312 1682 1383 1734 54)
1409 1696 1417 1725 :
1442 1680 1532 1726 vid.
1557 1681 1667 1725 Pax.

563 1811 963 1856 BENEFICENTIA
973 1811 1147 1855 divinae
1161 1809 1489 1855 Misericordiae
1499 1808 1627 1863 (1,55)
1642 1807 1753 1853 wid.
1766 1807 2075 1853 Perfectiones

502 1898 702 1942 divinae.

558 2014 844 2058 BENEPICIA
877 2013 1053 2067 quihuis
1091 2014 1250 2057 mirum
1281 2012 1325 2056 in
1356 2012 1535 2056 modum
1578 2011 1694 2056 Deus
1735 2011 1842 2055 favit
1870 2010 2073 2055 Societati

501 2102 554 2154 tl,
579 2100 677 2152 4⁰29)
702 2115 710 2143 :
739 2100 827 2143 rid.
854 2100 1061 2144 Societas
1082 2100 1199 2144 Iesu.

556 2187 784 2231 Beneficia
824 2186 984 2239 quihus
1027 2186 1226 2238 singulos
1268 2199 1348 2229 nos
1386 2184 1636 2238 obstrinxit,
1677 2183 1934 2238 multiplicia
1973 2188 2076 2227 sunt

501 2275 553 2327 (l,
576 2276 616 2324 8,
640 2276 678 2316 t).
707 2272 774 2322 ll',
798 2272 885 2325 95),
911 2272 1147 2325 diligenter
1179 2272 1443 2315 ruminanda
1474 2271 1517 2314 in
1542 2270 1742 2314 oratione
1773 2270 1825 2324 (I,
1858 2268 1943 2322 822).
1969 2268 2074 2321 Quis

503 2365 646 2402 antem
671 2373 722 2402 ea
744 2358 996 2411 recogitans
1020 2372 1107 2401 non
1131 2364 1361 2401 moveatur
1376 2358 1427 2411 (1,
1452 2356 1541 2407 135,
1567 2356 1664 2408 137)
1686 2355 1738 2399 ad
1761 2354 2073 2409 gratitudinem

503 2447 553 2497 (l,
578 2446 676 2491 310)
691 2446 710 2488 ἲ)
741 2445 844 2487 Cum
878 2445 993 2487 enim
1028 2458 1114 2498 quo
1146 2443 1312 2488 fuerint
1340 2443 1412 2486 illa
1440 2443 1608 2486 maiora
1630 2456 1682 2485 eo
1705 2441 1884 2495 gravius
1913 2440 2074 2494 ingrati

504 2531 634 2574 animi
677 2530 805 2585 culpa
841 2530 1076 2574 metuenda
1118 2530 1173 2574 sit
1211 2530 1263 2583 (Ι,
1304 2530 1391 2583 56),
1435 2529 1563 2573 nohis
1603 2542 1691 2572 non
1733 2528 1817 2572 erit
1851 2526 2073 2571 excusatio

505 2618 555 2670 (l,
586 2617 674 2667 154,
706 2616 812 2667 155),
838 2616 872 2659 si
897 2622 1047 2660 nostra
1069 2616 1112 2660 in
1136 2615 1273 2660 Deum
1306 2616 1447 2659 officia
1470 2615 1640 2659 exiliter
1660 2614 1711 2657 ad
1736 2613 1927 2657 calculos
1949 2626 2075 2656 revo-

505 2703 702 2746 cabimus
724 2704 775 2755 (l,
809 2702 896 2752 138,
926 2702 1042 2750 139);
1067 2702 1331 2756 praesertim
1366 2701 1484 2755 quod
1517 2701 1600 2744 iam
1623 2705 1803 2754 praeter
1824 2698 2073 2742 communia

507 2790 720 2833 beneficia
749 2789 841 2841 (111,
873 2788 978 2841 131),
1005 2789 1216 2832 Dominus
1240 2802 1321 2831 nos
1353 2788 1593 2842 participes
1615 2787 1719 2830 fecit
1740 2785 1906 2839 gloriae
1929 2784 2073 2828 crucis

506 2875 662 2919 Christi
685 2875 755 2927 (ll,
781 2874 875 2925 335,
900 2874 997 2922 336)
1023 2889 1031 2917 :
1058 2874 1176 2927 quod
1210 2880 1422 2928 quantum
1456 2872 1717 2916 beneficium
1741 2871 1811 2924 (ΙΙ,
1846 2869 2070 2921 461-465)!

506 2961 597 3005 rid.
621 2961 843 3005 Adversa.

564 3046 755 3090 Petenda
779 3050 881 3089 sunt
902 3044 1047 3087 divina
1070 3044 1282 3087 beneficia
1305 3048 1624 3098 perseverante
1646 3042 1846 3086 oratione
1868 3040 2043 3094 (113602)
2063 3054 2072 3083 :

508 3132 598 3176 rid.
624 3131 792 3176 Oratio.

563 3216 604 3258 si
628 3230 833 3269 magnum
866 3214 1127 3259 beneficium
1160 3219 1228 3258 est
1258 3215 1396 3266 gratia
1421 3213 1663 3258 vocationis
1686 3214 1736 3265 (Ι,
1760 3213 1800 3264 4,
1824 3211 1911 3264 32),
1935 3210 2070 3254 multo
