2315 3559
561 240 662 298 ‘136
735 260 983 299 EPISTOLA
1023 263 1070 300 R.
1116 264 1161 300 P.
1205 264 1255 301 N.
1298 264 1416 303 ANT.
1468 266 1592 303 MAR.
1640 266 1948 305 ANDERLEDY

561 423 675 460 esse
727 406 994 462 videntur.
1050 409 1118 462 Ut
1168 409 1398 464 demisse
1449 412 1513 465 de
1564 412 1718 466 nohis
1780 412 2121 466 sentiendum

560 514 612 560 et
655 508 987 575 loquendum
1033 516 1129 575 cst,
1179 509 1251 563 ita
1302 528 1397 564 nec
1442 512 1844 566 abhorrendum
1890 530 1920 566 a
1964 513 2121 566 rebus

559 606 875 661 humilibus.
920 608 1055 671 Quin
1097 609 1259 663 etiam
1300 611 1380 663 lex
1417 612 1521 665 1313
1557 620 1635 666 031
1661 611 1911 666 Societati
1940 630 2121 666 rerum

559 706 870 773 humilium,
942 707 1165 762 rationis
1222 717 1336 764 tum
1395 710 1670 777 itinerum,
1739 719 1849 765 lum
1907 711 2121 765 vivendi

559 807 771 869 generis
816 807 998 869 totius,
1047 826 1185 876 quae
1224 809 1292 863 sit
1329 813 1734 865 accommodata
1774 812 2117 879 pauperibus.

560 907 635 960 lta
687 925 998 976 pauperem,
1053 909 1124 962 ita
1175 928 1203 963 a
1262 911 1420 965 rebus
1476 911 1636 965 huius
1693 911 1834 966 vitae
1896 930 2119 966 vacuam

558 1024 612 1060 sc.
652 1008 938 1075 profitetur
974 1008 1228 1071 Societas,
1259 1019 1318 1064 111
1355 1011 1665 1079 nequidem,
1709 1013 1852 1080 quod
1895 1030 2122 1080 pauper-

558 1108 710 1162 rimis
761 1108 901 1171 licet,
963 1109 1247 1177 pecuniam
1302 1112 1445 1179 apud
1502 1129 1555 1165 se
1605 1113 1804 1166 habere
1848 1112 2119 1180 quispiam

556 1215 802 1261 nostrum
866 1207 1052 1275 possit,
1118 1209 1281 1263 etiam
1349 1209 1501 1278 stipis
1569 1212 1871 1277 erogandae
1939 1229 2115 1265 causa.

558 1307 892 1375 paupertatis
936 1307 1081 1361 enim
1134 1309 1231 1362 sub
1276 1309 1377 1362 hoc
1433 1309 1614 1363 Crucis
1671 1311 1861 1364 vexillo
1919 1311 2121 1378 pudere

555 1406 828 1461 neminem
897 1407 1065 1461 decet.
1141 1408 1513 1476 Paupertatem
1578 1409 1799 1477 quidem
1862 1418 2121 1478 spernunt

556 1507 766 1574 profani
828 1507 1097 1575 homines,
1163 1526 1392 1576 eamque
1459 1527 1787 1578 magnopere
1850 1517 2114 1563 metuunt.

554 1607 755 1661 Eadem
808 1625 934 1662 vero
992 1608 1065 1661 ita
1122 1617 1305 1662 nostra
1366 1617 1462 1676 est,
1520 1618 1580 1663 ut
1640 1609 1694 1662 in
1756 1610 1944 1663 matris
2000 1627 2118 1663 eam

553 1708 670 1761 loco
721 1706 1036 1774 habeamus,
1084 1725 1179 1761 nec
1229 1725 1491 1776 umquam
1547 1708 1703 1762 avelli
1746 1726 1843 1763 nos
1889 1708 1955 1763 ab
2005 1707 2118 1762 eius

553 1808 802 1875 amplexu
846 1807 1136 1876 patiamur.

622 1908 805 1976 Gignit
848 1908 992 1962 enim
1038 1916 1326 1976 paupertas
1371 1916 1533 1976 atque
1577 1909 1672 1962 alit
1709 1908 1876 1963 animi
1922 1909 2119 1963 demis-

552 2009 778 2064 sionem.
841 2010 898 2062 ln
955 2010 1054 2063 hac
1109 2016 1287 2063 autem
1352 2011 1576 2064 colenda
1632 2009 1684 2064 id
1744 2017 2001 2078 spectant,
2062 2010 2112 2064 id

552 2111 739 2165 volunt
799 2109 1218 2165 Constitutiones
1280 2119 1513 2177 nostrae,
1580 2119 1638 2164 111
1697 2128 1793 2165 1103
1855 2112 2117 2166 antefera-

552 2229 671 2266 mus
727 2211 953 2279 nemini,
1007 2213 1095 2266 sed
1155 2229 1341 2266 omnes
1386 2211 1441 2265 in
1490 2212 1672 2266 animo
1728 2219 1911 2266 nostro
1961 2230 2116 2281 supe-

552 2311 722 2366 riores
796 2311 951 2365 nobis
1030 2312 1310 2378 ducamuS,
1387 2319 1549 2379 atque
1617 2311 1756 2365 inter
1833 2311 2114 2378 religiosos

551 2410 769 2466 ordines
807 2411 1126 2465 Societatem
1167 2410 1451 2465 minimam
1497 2420 1826 2479 reputemUS,
1873 2419 1932 2465 ut
1975 2412 2114 2466 intra

552 2510 783 2579 parietes
828 2518 1040 2565 nostros
1084 2511 1212 2565 boni
1250 2511 1592 2565 consulamus
1631 2511 1698 2565 ab
1735 2510 1854 2565 aliis
1892 2511 2110 2579 corrigi,

552 2618 728 2665 errata
762 2618 945 2670 nostra
980 2611 1178 2666 deferri
1217 2611 1283 2665 ad
1323 2610 1655 2679 Superiores,
1687 2611 1904 2679 quasvis
1943 2611 2115 2666 adim-

552 2712 699 2781 plere
738 2710 1112 2779 paenitentias.
1144 2711 1209 2765 Et
1246 2727 1373 2765 vero
1409 2727 1517 2779 003,
1556 2711 1650 2779 qui
1687 2712 1753 2766 ad
1792 2710 2111 2766 Societatem

552 2810 775 2878 adiungi
832 2812 1122 2878 postulant,
1181 2810 1254 2865 ita
1309 2818 1649 2878 comparatos
1717 2810 1898 2865 animo
1964 2810 2114 2879 cupit

551 2911 602 2966 S.
682 2911 837 2965 Pater
910 2918 1109 2978 noster,
1180 2918 1239 2964 ut
1306 2910 1530 2965 iniurias
1604 2919 1714 2965 tam
1789 2911 2111 2965 domesticas

552 3028 717 3080 quam
757 3018 1032 3065 extraneas
1070 3012 1209 3065 serre
1237 3010 1503 3079 patienter
1542 3010 1721 3066 velint.
1755 3011 1812 3064 ln
1850 3009 2111 3065 Societate

550 3111 807 3166 oboedire
843 3118 896 3164 et
928 3110 1205 3164 humiliari
1246 3111 1494 3179 quemvis
1534 3118 1802 3179 exoptare,
1844 3109 1946 3164 sibi
1992 3128 2111 3178 per-

201 3224 493 3298 E{⁸¹4¹¹;,g‘{{}⁰f·
551 3211 741 3266 suadet
799 3208 849 3264 S.
904 3209 1140 3277 Ignatius
1220 3209 1373 3277 Sane,
1416 3218 1471 3263 111
1534 3210 1637 3264 3113
1697 3217 1922 3276 taceam,
1987 3209 2108 3277 quis
