2315 3559
374 216 441 253 DE
468 216 546 252 BB.
578 214 703 252 Emi.
735 214 985 252 CAMPIANI
1013 215 1074 251 ET
1102 214 1363 253 somossmi
1394 216 1655 253 ,marmio
1727 199 1794 254 35

424 358 448 370 ’Ἴ

305 361 376 413 De
420 366 469 413 S.
526 358 803 411 Francisco
850 358 1041 424 Borgia
1085 358 1406 425 accepimus,
1467 376 1588 412 eum
1652 361 1789 412 hunc

236 466 519 526 parentum
557 458 807 511 affectum
846 459 1130 511 retundere
1168 459 1301 511 adeo
1339 458 1696 523 consuevisse,
1735 467 1791 511 ut

234 556 503 622 omnibus,
536 556 637 623 ipsi
665 556 826 609 etiam
854 556 1039 610 Carolo
1061 557 1119 609 V.
1153 556 1470 623 Imperatori
1505 564 1556 610 et
1586 556 1676 610 Pio
1707 558 1786 623 IV,

233 654 455 708 Summo
479 654 743 721 Pontifici,
774 655 1082 709 mirandum
1111 654 1401 708 videretur.

305 753 359 806 P.
398 753 703 819 Condignus
731 754 979 807 Gonzalez
1013 753 1235 807 Silveira
1275 754 1494 807 fratrem
1529 754 1593 807 ad
1630 753 1794 809 Colle-

233 851 383 917 gium
428 852 768 905 accedentem
814 851 995 906 videre
1033 851 1227 917 renuit,
1271 853 1409 905 dona
1453 869 1482 904 a
1517 852 1791 906 sororibus

234 949 409 1002 oblata
448 949 712 1016 repudiat,
761 950 1095 1003 matrimonii
1133 950 1332 1003 sororis
1363 968 1547 1003 curam
1587 951 1793 1005 derivat

232 1048 287 1101 in
331 1049 481 1114 alios,
524 1067 820 1116 numquam
865 1049 967 1102 nisi
1005 1067 1034 1102 a
1078 1048 1454 1116 Superioribus
1488 1058 1699 1103 coactus
1727 1052 1792 1104 ad

233 1147 565 1214 propinquos
594 1149 683 1201 dat
710 1147 911 1201 litteras
935 1149 1015 1201 vel
1043 1149 1260 1201 eosdem
1283 1148 1411 1201 adit.
1437 1149 1582 1202 Adeo
1605 1149 1793 1201 huma-

232 1262 361 1298 num
412 1254 695 1312 parentum
750 1263 1010 1312 amorem,
1064 1246 1156 1313 qui
1207 1264 1363 1299 sensu
1408 1246 1579 1312 magis
1629 1264 1792 1314 quam

233 1343 439 1396 ratione
460 1352 683 1404 constat,
709 1361 831 1397 cum
853 1344 1168 1411 perfectiore
1189 1344 1410 1398 caritate
1443 1345 1787 1411 permutavit.

233 1441 404 1494 Fortis
461 1460 585 1496 sane
646 1442 841 1496 Christi
897 1443 1068 1509 miles,
1134 1442 1227 1510 qui
1290 1444 1467 1496 hostes
1532 1443 1791 1497 vincendo

233 1541 573 1606 domesticos,
633 1543 867 1609 palmam
919 1541 1020 1594 sibi
1076 1541 1283 1609 paravit
1327 1541 1587 1609 martyrii.
1644 1542 1790 1596 Idem

230 1638 376 1692 enim
414 1640 748 1693 atrocissima
779 1648 1084 1694 constanter
1110 1657 1207 1708 pro
1237 1640 1342 1694 fide
1376 1648 1643 1694 tormenta
1675 1658 1794 1708 per-

231 1754 433 1804 peSSUS,
465 1738 790 1805 sempiterna
817 1738 1133 1792 Societatem
1162 1739 1332 1805 gloria
1361 1739 1650 1792 decoravit.

299 1836 371 1889 De
412 1836 465 1889 P.
508 1837 802 1890 Baltassare
837 1838 1053 1890 Alvarez
1085 1836 1281 1890 similia
1320 1846 1623 1905 narrantur,
1658 1838 1789 1894 illud

230 1933 517 2002 imprimiS‚
549 1953 672 1988 eum
710 1953 1007 2002 numquam
1046 1953 1161 1989 rem
1204 1937 1368 1988 ullam
1407 1953 1436 1988 3
1480 1936 1789 2002 parentibus

230 2033 515 2100 accepisse,
545 2051 611 2087 ne
641 2033 845 2087 visendi
872 2033 1107 2087 officium
1137 2035 1359 2088 reddere
1388 2035 1622 2088 deberet.

303 2132 356 2184 Ρ.
382 2131 612 2185 Antonio
635 2132 790 2185 Pinas
811 2133 944 2186 adeo
965 2149 1122 2185 curae
1154 2132 1254 2185 fuit
1285 2140 1567 2199 parentum
1590 2150 1793 2187 memo-

230 2230 368 2284 riam
397 2249 457 2284 ex
482 2231 663 2284 animo
691 2231 919 2297 exigere,
956 2239 1015 2284 ut
1042 2248 1164 2284 cum
1197 2231 1375 2284 fratris
1404 2232 1621 2286 nomine
1656 2234 1794 2285 salu-

230 2339 452 2396 taretur,
506 2330 730 2383 miratus
775 2348 897 2384 eum
949 2329 1146 2396 vivere,
1200 2331 1368 2383 fassus
1423 2330 1493 2383 sit
1552 2332 1793 2385 nondum

228 2431 465 2483 solutum
509 2446 538 2482 a
566 2447 620 2483 se
656 2429 956 2483 litterarum
992 2428 1322 2495 fasciculum,
1364 2447 1525 2496 quem
1560 2429 1792 2484 triennio

222 2536 350 2581 -ante
377 2527 683 2595 accepisset.

297 2626 434 2689 Quot
471 2626 560 2679 alii
610 2627 945 2680 celebrantur
999 2627 1278 2680 annalibus
1323 2627 1537 2693 nostris,
1591 2627 1684 2694 qui
1735 2627 1788 2680 in

229 2724 437 2779 Indiam
469 2724 790 2791 navigarunt
811 2725 923 2779 sine
950 2743 1042 2793 spe
1067 2725 1264 2779 iterum
1288 2725 1505 2780 videndi
1536 2726 1784 2794 patriam,

227 2822 430 2890 quique
463 2822 550 2890 pia
585 2824 771 2877 fraude
797 2824 1236 2892 clandestinoque
1269 2824 1501 2878 discessu
1539 2825 1786 2878 fallebant

228 2921 579 2989 propinquos,
628 2939 692 2975 ne
735 2922 801 2975 ab
845 2922 946 2987 his,
988 2924 1133 2990 quod
1171 2922 1487 2977 auctoritate
1522 2923 1784 2987 valebant,

220 3027 410 3087 optato
438 3019 628 3073 itinere
649 3020 1083 3088 prohiberentur.

295 3116 379 3171 10.
421 3117 656 3172 Gloriam
728 3118 821 3172 Dei
886 3118 1196 3187 parentibus
1263 3120 1457 3174 ducere
1522 3118 1786 3186 potiorem

1977 367 2037 409 lta

1858 420 1897 462 S.
1924 420 1992 463 Fr.
2014 421 2144 474 Borg.

1859 761 1915 803 lta
1942 761 1983 803 l'.
2008 762 2146 804 tjoud.

1893 816 2102 859 Gonzalez

1903 870 2098 913 Silveira.

1874 1853 1934 1896 Ita
1958 1853 2002 1896 P.
2028 1853 2138 1897 Bait.

1900 1907 2100 1952 Alvarez.

1856 2139 1915 2181 Ita
1939 2138 1984 2181 P.
2010 2140 2142 2182 Anto·

1865 2193 1962 2236 nius
1987 2193 2130 2236 Pinas.

1872 2630 1931 2672 lta
1955 2630 2129 2682 plurimi

1861 2684 2040 2736 genuini
2061 2684 2139 2728 So-

1860 2739 2027 2782 cietatis
2040 2739 2132 2782 filii.

1832 2929 1894 2958 Tr.
1919 2936 1999 2960 asc.
2017 2929 2058 2958 P.
2084 2929 2161 2961 Iul.

1860 2969 2030 3008 Nigroni
2048 2970 2085 3000 S.
2101 2971 2130 3000 1.

1861 3011 1909 3040 tr.
1935 3010 1984 3040 16.
2011 3018 2052 3041 n.
2079 3011 2132 3042 42.

1851 3131 2041 3175 Gloriam
2063 3131 2140 3176 Dei
