<?xml version="1.0" encoding="UTF-8"?>
<!DOCTYPE html PUBLIC "-//W3C//DTD XHTML 1.0 Transitional//EN"
    "http://www.w3.org/TR/xhtml1/DTD/xhtml1-transitional.dtd">
<html xmlns="http://www.w3.org/1999/xhtml" xml:lang="en" lang="en">
 <head>
  <title>
</title>
<meta http-equiv="Content-Type" content="text/html;charset=utf-8" />
  <meta name='ocr-system' content='tesseract 3.04.00' />
  <meta name='ocr-capabilities' content='ocr_page ocr_carea ocr_par ocr_line ocrx_word'/>
</head>
<body>
  <div class='ocr_page' id='page_1' title='image "./epistolaepraepos04jesu_0260.png"; bbox 0 0 2315 3559; ppageno 0'>
   <div class='ocr_carea' id='block_1_1' title="bbox 548 193 1940 257">
    <p class='ocr_par' dir='ltr' id='par_1_1' title="bbox 548 193 1940 257">
     <span class='ocr_line' id='line_1_1' title="bbox 548 193 1940 257; baseline 0.005 -7"><span class='ocrx_word' id='word_1_1' title='bbox 548 193 651 251; x_wconf 69' lang='lat'>248</span> <span class='ocrx_word' id='word_1_2' title='bbox 721 211 972 252; x_wconf 75' lang='lat' dir='ltr'>EPISToLA</span> <span class='ocrx_word' id='word_1_3' title='bbox 1009 214 1058 253; x_wconf 87' lang='lat' dir='ltr'>R.</span> <span class='ocrx_word' id='word_1_4' title='bbox 1103 214 1149 253; x_wconf 83' lang='lat' dir='ltr'>P.</span> <span class='ocrx_word' id='word_1_5' title='bbox 1191 215 1243 254; x_wconf 89' lang='lat' dir='ltr'>N.</span> <span class='ocrx_word' id='word_1_6' title='bbox 1286 215 1406 255; x_wconf 82' lang='lat' dir='ltr'><strong>ANT.</strong></span> <span class='ocrx_word' id='word_1_7' title='bbox 1454 215 1579 255; x_wconf 83' lang='lat' dir='ltr'><strong>MAR.</strong></span> <span class='ocrx_word' id='word_1_8' title='bbox 1631 216 1940 257; x_wconf 79' lang='lat' dir='ltr'><strong>ANDERLEDY</strong></span> 
     </span>
    </p>
   </div>
   <div class='ocr_carea' id='block_1_2' title="bbox 550 359 2118 3241">
    <p class='ocr_par' dir='ltr' id='par_1_2' title="bbox 550 359 2112 528">
     <span class='ocr_line' id='line_1_2' title="bbox 550 359 2112 434; baseline 0.004 -21"><span class='ocrx_word' id='word_1_9' title='bbox 550 359 674 414; x_wconf 92' lang='lat' dir='ltr'>dem</span> <span class='ocrx_word' id='word_1_10' title='bbox 713 359 916 415; x_wconf 90' lang='lat' dir='ltr'>iurium</span> <span class='ocrx_word' id='word_1_11' title='bbox 961 359 1124 415; x_wconf 90' lang='lat' dir='ltr'>etiam</span> <span class='ocrx_word' id='word_1_12' title='bbox 1168 378 1286 429; x_wconf 82' lang='lat' dir='ltr'>nOS,</span> <span class='ocrx_word' id='word_1_13' title='bbox 1327 362 1515 417; x_wconf 89' lang='lat' dir='ltr'>eadem</span> <span class='ocrx_word' id='word_1_14' title='bbox 1555 362 1789 418; x_wconf 81' lang='lat' dir='ltr'>Ecclesia</span> <span class='ocrx_word' id='word_1_15' title='bbox 1831 364 2112 434; x_wconf 80' lang='lat' dir='ltr'>suadente,</span> 
     </span>
     <span class='ocr_line' id='line_1_3' title="bbox 550 458 841 528; baseline -0.003 -13"><span class='ocrx_word' id='word_1_16' title='bbox 550 458 841 528; x_wconf 90' lang='lat' dir='ltr'>potiamur.</span> 
     </span>
    </p>

    <p class='ocr_par' dir='ltr' id='par_1_3' title="bbox 550 559 2118 1633">
     <span class='ocr_line' id='line_1_4' title="bbox 620 559 2113 630; baseline 0.003 -16"><span class='ocrx_word' id='word_1_17' title='bbox 620 560 684 614; x_wconf 87' lang='lat' dir='ltr'>Et</span> <span class='ocrx_word' id='word_1_18' title='bbox 736 560 838 615; x_wconf 89' lang='lat' dir='ltr'>hoc</span> <span class='ocrx_word' id='word_1_19' title='bbox 888 559 1112 628; x_wconf 86' lang='lat' dir='ltr'>quidem</span> <span class='ocrx_word' id='word_1_20' title='bbox 1168 561 1368 630; x_wconf 86' lang='lat' dir='ltr'>volunt,</span> <span class='ocrx_word' id='word_1_21' title='bbox 1421 562 1524 617; x_wconf 88' lang='lat' dir='ltr'>hoc</span> <span class='ocrx_word' id='word_1_22' title='bbox 1585 570 1753 630; x_wconf 87' lang='lat' dir='ltr'>agunt</span> <span class='ocrx_word' id='word_1_23' title='bbox 1815 562 2113 620; x_wconf 83' lang='lat' dir='ltr'>Provinciis</span> 
     </span>
     <span class='ocr_line' id='line_1_5' title="bbox 552 659 2111 730; baseline 0.003 -16"><span class='ocrx_word' id='word_1_24' title='bbox 552 659 848 729; x_wconf 84' lang='lat' dir='ltr'>Praepositi</span> <span class='ocrx_word' id='word_1_25' title='bbox 893 659 1131 715; x_wconf 88' lang='lat' dir='ltr'>sollertia</span> <span class='ocrx_word' id='word_1_26' title='bbox 1182 659 1505 719; x_wconf 87' lang='lat' dir='ltr'>incredibili.</span> <span class='ocrx_word' id='word_1_27' title='bbox 1537 661 1707 725; x_wconf 87' lang='lat' dir='ltr'>Quam</span> <span class='ocrx_word' id='word_1_28' title='bbox 1752 679 1852 730; x_wconf 86' lang='lat' dir='ltr'>ego</span> <span class='ocrx_word' id='word_1_29' title='bbox 1897 680 2111 719; x_wconf 92' lang='lat' dir='ltr'>mecum</span> 
     </span>
     <span class='ocr_line' id='line_1_6' title="bbox 551 759 2115 830; baseline 0.003 -16"><span class='ocrx_word' id='word_1_30' title='bbox 551 767 824 828; x_wconf 78' lang='lat' dir='ltr'>reputanS,</span> <span class='ocrx_word' id='word_1_31' title='bbox 867 759 1038 814; x_wconf 90' lang='lat' dir='ltr'>miror</span> <span class='ocrx_word' id='word_1_32' title='bbox 1088 759 1360 828; x_wconf 88' lang='lat' dir='ltr'>ardorem,</span> <span class='ocrx_word' id='word_1_33' title='bbox 1414 761 1810 830; x_wconf 84' lang='lat' dir='ltr'>fortitudinem,</span> <span class='ocrx_word' id='word_1_34' title='bbox 1869 771 2115 818; x_wconf 88' lang='lat' dir='ltr'>constan-</span> 
     </span>
     <span class='ocr_line' id='line_1_7' title="bbox 551 858 2118 928; baseline 0.003 -14"><span class='ocrx_word' id='word_1_35' title='bbox 551 859 682 914; x_wconf 89' lang='lat' dir='ltr'>tiam</span> <span class='ocrx_word' id='word_1_36' title='bbox 728 858 782 913; x_wconf 92' lang='lat' dir='ltr'>in</span> <span class='ocrx_word' id='word_1_37' title='bbox 832 877 888 914; x_wconf 91' lang='lat' dir='ltr'>re</span> <span class='ocrx_word' id='word_1_38' title='bbox 934 876 1073 928; x_wconf 88' lang='lat' dir='ltr'>quae</span> <span class='ocrx_word' id='word_1_39' title='bbox 1121 859 1220 913; x_wconf 88' lang='lat' dir='ltr'>hac</span> <span class='ocrx_word' id='word_1_40' title='bbox 1264 867 1439 915; x_wconf 90' lang='lat' dir='ltr'>aetate</span> <span class='ocrx_word' id='word_1_41' title='bbox 1476 869 1661 916; x_wconf 89' lang='lat' dir='ltr'>nostra</span> <span class='ocrx_word' id='word_1_42' title='bbox 1704 869 1915 917; x_wconf 86' lang='lat' dir='ltr'>tantum</span> <span class='ocrx_word' id='word_1_43' title='bbox 1954 863 2118 919; x_wconf 85' lang='lat' dir='ltr'>habet</span> 
     </span>
     <span class='ocr_line' id='line_1_8' title="bbox 551 960 2118 1031; baseline 0.002 -16"><span class='ocrx_word' id='word_1_44' title='bbox 551 960 899 1015; x_wconf 72' lang='lat' dir='ltr'>difficultatis</span> <span class='ocrx_word' id='word_1_45' title='bbox 949 960 1041 1014; x_wconf 91' lang='lat' dir='ltr'>Est</span> <span class='ocrx_word' id='word_1_46' title='bbox 1089 967 1272 1015; x_wconf 90' lang='lat' dir='ltr'>autem</span> <span class='ocrx_word' id='word_1_47' title='bbox 1317 978 1379 1016; x_wconf 89' lang='lat' dir='ltr'>ea</span> <span class='ocrx_word' id='word_1_48' title='bbox 1428 979 1512 1016; x_wconf 88' lang='lat' dir='ltr'>res</span> <span class='ocrx_word' id='word_1_49' title='bbox 1556 962 1897 1031; x_wconf 85' lang='lat' dir='ltr'>gravissima,</span> <span class='ocrx_word' id='word_1_50' title='bbox 1938 963 2118 1018; x_wconf 92' lang='lat' dir='ltr'>nobis-</span> 
     </span>
     <span class='ocr_line' id='line_1_9' title="bbox 550 1058 2113 1132; baseline 0.003 -18"><span class='ocrx_word' id='word_1_51' title='bbox 550 1078 656 1128; x_wconf 88' lang='lat' dir='ltr'>que</span> <span class='ocrx_word' id='word_1_52' title='bbox 711 1078 741 1114; x_wconf 93' lang='lat' dir='ltr'>a</span> <span class='ocrx_word' id='word_1_53' title='bbox 796 1058 845 1114; x_wconf 82' lang='lat' dir='ltr'>S.</span> <span class='ocrx_word' id='word_1_54' title='bbox 908 1060 1134 1116; x_wconf 82' lang='lat' dir='ltr'>Parente</span> <span class='ocrx_word' id='word_1_55' title='bbox 1183 1068 1369 1116; x_wconf 90' lang='lat' dir='ltr'>nostro</span> <span class='ocrx_word' id='word_1_56' title='bbox 1424 1070 1729 1131; x_wconf 91' lang='lat' dir='ltr'>praecepta,</span> <span class='ocrx_word' id='word_1_57' title='bbox 1783 1063 1877 1132; x_wconf 85' lang='lat' dir='ltr'>qui</span> <span class='ocrx_word' id='word_1_58' title='bbox 1927 1081 2113 1119; x_wconf 89' lang='lat' dir='ltr'>curam</span> 
     </span>
     <span class='ocr_line' id='line_1_10' title="bbox 551 1161 2113 1234; baseline 0.003 -19"><span class='ocrx_word' id='word_1_59' title='bbox 551 1177 844 1228; x_wconf 89' lang='lat' dir='ltr'>puerorum</span> <span class='ocrx_word' id='word_1_60' title='bbox 890 1161 1184 1216; x_wconf 77' lang='lat' dir='ltr'>declaravit</span> <span class='ocrx_word' id='word_1_61' title='bbox 1221 1179 1336 1217; x_wconf 91' lang='lat' dir='ltr'>esse</span> <span class='ocrx_word' id='word_1_62' title='bbox 1373 1163 1701 1231; x_wconf 86' lang='lat' dir='ltr'>peculiarem</span> <span class='ocrx_word' id='word_1_63' title='bbox 1739 1180 1801 1218; x_wconf 89' lang='lat' dir='ltr'>ac</span> <span class='ocrx_word' id='word_1_64' title='bbox 1837 1163 2113 1234; x_wconf 89' lang='lat' dir='ltr'>propriam</span> 
     </span>
     <span class='ocr_line' id='line_1_11' title="bbox 550 1260 2117 1333; baseline 0.003 -17"><span class='ocrx_word' id='word_1_65' title='bbox 550 1270 765 1317; x_wconf 90' lang='lat' dir='ltr'>nostrae</span> <span class='ocrx_word' id='word_1_66' title='bbox 828 1260 1125 1317; x_wconf 80' lang='lat' dir='ltr'>SocietatiS.</span> <span class='ocrx_word' id='word_1_67' title='bbox 1191 1263 1302 1317; x_wconf 90' lang='lat' dir='ltr'>Hac</span> <span class='ocrx_word' id='word_1_68' title='bbox 1362 1264 1428 1318; x_wconf 93' lang='lat' dir='ltr'>de</span> <span class='ocrx_word' id='word_1_69' title='bbox 1487 1281 1647 1318; x_wconf 89' lang='lat' dir='ltr'>causa</span> <span class='ocrx_word' id='word_1_70' title='bbox 1707 1264 1823 1333; x_wconf 92' lang='lat' dir='ltr'>ipsa</span> <span class='ocrx_word' id='word_1_71' title='bbox 1884 1266 2117 1321; x_wconf 84' lang='lat' dir='ltr'>formula</span> 
     </span>
     <span class='ocr_line' id='line_1_12' title="bbox 550 1362 2118 1434; baseline 0.003 -17"><span class='ocrx_word' id='word_1_72' title='bbox 550 1381 644 1418; x_wconf 85' lang='lat' dir='ltr'>seu</span> <span class='ocrx_word' id='word_1_73' title='bbox 704 1364 889 1431; x_wconf 87' lang='lat' dir='ltr'>regula</span> <span class='ocrx_word' id='word_1_74' title='bbox 944 1362 1181 1418; x_wconf 91' lang='lat' dir='ltr'>Instituti</span> <span class='ocrx_word' id='word_1_75' title='bbox 1226 1381 1345 1419; x_wconf 90' lang='lat' dir='ltr'>eam</span> <span class='ocrx_word' id='word_1_76' title='bbox 1391 1364 1661 1433; x_wconf 87' lang='lat' dir='ltr'>praefinit,</span> <span class='ocrx_word' id='word_1_77' title='bbox 1709 1365 1822 1420; x_wconf 93' lang='lat' dir='ltr'>eius</span> <span class='ocrx_word' id='word_1_78' title='bbox 1874 1366 2118 1434; x_wconf 90' lang='lat' dir='ltr'>sponsio-</span> 
     </span>
     <span class='ocr_line' id='line_1_13' title="bbox 550 1462 2115 1533; baseline 0.003 -16"><span class='ocrx_word' id='word_1_79' title='bbox 550 1480 674 1517; x_wconf 90' lang='lat' dir='ltr'>nem</span> <span class='ocrx_word' id='word_1_80' title='bbox 724 1463 832 1518; x_wconf 93' lang='lat' dir='ltr'>Deo</span> <span class='ocrx_word' id='word_1_81' title='bbox 883 1462 1086 1518; x_wconf 85' lang='lat' dir='ltr'>faciunt</span> <span class='ocrx_word' id='word_1_82' title='bbox 1135 1471 1350 1519; x_wconf 90' lang='lat' dir='ltr'>nostrae</span> <span class='ocrx_word' id='word_1_83' title='bbox 1406 1463 1685 1532; x_wconf 83' lang='lat' dir='ltr'>religionis</span> <span class='ocrx_word' id='word_1_84' title='bbox 1738 1473 1879 1533; x_wconf 89' lang='lat' dir='ltr'>vota,</span> <span class='ocrx_word' id='word_1_85' title='bbox 1933 1483 1994 1520; x_wconf 87' lang='lat' dir='ltr'>ea</span> <span class='ocrx_word' id='word_1_86' title='bbox 2048 1466 2115 1521; x_wconf 89' lang='lat' dir='ltr'>ad</span> 
     </span>
     <span class='ocr_line' id='line_1_14' title="bbox 551 1562 1721 1633; baseline 0.003 -16"><span class='ocrx_word' id='word_1_87' title='bbox 551 1562 724 1632; x_wconf 90' lang='lat' dir='ltr'>ipsam</span> <span class='ocrx_word' id='word_1_88' title='bbox 776 1563 1009 1633; x_wconf 85' lang='lat' dir='ltr'>pertinet</span> <span class='ocrx_word' id='word_1_89' title='bbox 1062 1564 1299 1619; x_wconf 90' lang='lat' dir='ltr'>Instituti</span> <span class='ocrx_word' id='word_1_90' title='bbox 1346 1564 1721 1620; x_wconf 88' lang='lat' dir='ltr'>substantiam.</span> 
     </span>
    </p>

    <p class='ocr_par' dir='ltr' id='par_1_4' title="bbox 550 1663 2117 2637">
     <span class='ocr_line' id='line_1_15' title="bbox 619 1663 2115 1733; baseline 0.002 -14"><span class='ocrx_word' id='word_1_91' title='bbox 619 1663 844 1719; x_wconf 88' lang='lat' dir='ltr'>Obstant</span> <span class='ocrx_word' id='word_1_92' title='bbox 912 1681 1040 1718; x_wconf 87' lang='lat' dir='ltr'>vero</span> <span class='ocrx_word' id='word_1_93' title='bbox 1104 1663 1419 1733; x_wconf 87' lang='lat' dir='ltr'>praeclaris·</span> <span class='ocrx_word' id='word_1_94' title='bbox 1454 1672 1765 1720; x_wconf 88' lang='lat' dir='ltr'>nostrorum</span> <span class='ocrx_word' id='word_1_95' title='bbox 1834 1666 2115 1723; x_wconf 90' lang='lat' dir='ltr'>conatibus</span> 
     </span>
     <span class='ocr_line' id='line_1_16' title="bbox 550 1762 2115 1835; baseline 0.003 -17"><span class='ocrx_word' id='word_1_96' title='bbox 550 1763 749 1819; x_wconf 90' lang='lat' dir='ltr'>saeculi</span> <span class='ocrx_word' id='word_1_97' title='bbox 799 1762 1026 1832; x_wconf 81' lang='lat' dir='ltr'>vanitaS,</span> <span class='ocrx_word' id='word_1_98' title='bbox 1075 1763 1323 1819; x_wconf 90' lang='lat' dir='ltr'>educatio</span> <span class='ocrx_word' id='word_1_99' title='bbox 1380 1764 1676 1820; x_wconf 87' lang='lat' dir='ltr'>domestica</span> <span class='ocrx_word' id='word_1_100' title='bbox 1733 1766 1929 1835; x_wconf 80' lang='lat' dir='ltr'>molliS,</span> <span class='ocrx_word' id='word_1_101' title='bbox 1977 1766 2115 1822; x_wconf 87' lang='lat' dir='ltr'>ratio</span> 
     </span>
     <span class='ocr_line' id='line_1_17' title="bbox 550 1864 2115 1934; baseline 0.002 -14"><span class='ocrx_word' id='word_1_102' title='bbox 550 1864 780 1921; x_wconf 92' lang='lat' dir='ltr'>docendi</span> <span class='ocrx_word' id='word_1_103' title='bbox 830 1882 1034 1933; x_wconf 82' lang='lat' dir='ltr'>recenS,</span> <span class='ocrx_word' id='word_1_104' title='bbox 1095 1883 1203 1934; x_wconf 88' lang='lat' dir='ltr'>qua</span> <span class='ocrx_word' id='word_1_105' title='bbox 1254 1864 1551 1921; x_wconf 87' lang='lat' dir='ltr'>invitamur</span> <span class='ocrx_word' id='word_1_106' title='bbox 1600 1873 1652 1921; x_wconf 92' lang='lat' dir='ltr'>et</span> <span class='ocrx_word' id='word_1_107' title='bbox 1712 1866 1982 1922; x_wconf 89' lang='lat' dir='ltr'>allicimur</span> <span class='ocrx_word' id='word_1_108' title='bbox 2048 1869 2115 1923; x_wconf 90' lang='lat' dir='ltr'>ad</span> 
     </span>
     <span class='ocr_line' id='line_1_18' title="bbox 550 1964 2112 2035; baseline 0.003 -15"><span class='ocrx_word' id='word_1_109' title='bbox 550 1964 791 2034; x_wconf 89' lang='lat' dir='ltr'>speciosa</span> <span class='ocrx_word' id='word_1_110' title='bbox 835 1964 1034 2035; x_wconf 82' lang='lat' dir='ltr'>potiuS‚</span> <span class='ocrx_word' id='word_1_111' title='bbox 1076 1983 1241 2034; x_wconf 88' lang='lat' dir='ltr'>quam</span> <span class='ocrx_word' id='word_1_112' title='bbox 1280 1984 1409 2021; x_wconf 91' lang='lat' dir='ltr'>sana</span> <span class='ocrx_word' id='word_1_113' title='bbox 1446 1973 1498 2021; x_wconf 93' lang='lat' dir='ltr'>et</span> <span class='ocrx_word' id='word_1_114' title='bbox 1536 1966 1808 2022; x_wconf 82' lang='lat' dir='ltr'>fructuosa</span> <span class='ocrx_word' id='word_1_115' title='bbox 1841 1969 2112 2024; x_wconf 90' lang='lat' dir='ltr'>sectanda.</span> 
     </span>
     <span class='ocr_line' id='line_1_19' title="bbox 551 2065 2117 2136; baseline 0.003 -16"><span class='ocrx_word' id='word_1_116' title='bbox 551 2065 825 2134; x_wconf 82' lang='lat' dir='ltr'>Multiplex</span> <span class='ocrx_word' id='word_1_117' title='bbox 862 2065 1086 2135; x_wconf 86' lang='lat' dir='ltr'>quidem</span> <span class='ocrx_word' id='word_1_118' title='bbox 1124 2065 1363 2134; x_wconf 82' lang='lat' dir='ltr'>cognitio</span> <span class='ocrx_word' id='word_1_119' title='bbox 1403 2067 1702 2136; x_wconf 89' lang='lat' dir='ltr'>quaeritur,</span> <span class='ocrx_word' id='word_1_120' title='bbox 1734 2068 1824 2123; x_wconf 90' lang='lat' dir='ltr'>sed</span> <span class='ocrx_word' id='word_1_121' title='bbox 1865 2067 2117 2124; x_wconf 87' lang='lat' dir='ltr'>inchoata</span> 
     </span>
     <span class='ocr_line' id='line_1_20' title="bbox 550 2169 2115 2236; baseline 0.003 -15"><span class='ocrx_word' id='word_1_122' title='bbox 550 2174 761 2222; x_wconf 88' lang='lat' dir='ltr'>tantum</span> <span class='ocrx_word' id='word_1_123' title='bbox 824 2183 1012 2222; x_wconf 91' lang='lat' dir='ltr'>earum</span> <span class='ocrx_word' id='word_1_124' title='bbox 1074 2184 1278 2235; x_wconf 89' lang='lat' dir='ltr'>rerum,</span> <span class='ocrx_word' id='word_1_125' title='bbox 1326 2185 1465 2236; x_wconf 88' lang='lat' dir='ltr'>quae</span> <span class='ocrx_word' id='word_1_126' title='bbox 1515 2169 1582 2223; x_wconf 89' lang='lat' dir='ltr'>ad</span> <span class='ocrx_word' id='word_1_127' title='bbox 1634 2176 1872 2224; x_wconf 89' lang='lat' dir='ltr'>mentem</span> <span class='ocrx_word' id='word_1_128' title='bbox 1921 2169 2115 2225; x_wconf 91' lang='lat' dir='ltr'>litteris</span> 
     </span>
     <span class='ocr_line' id='line_1_21' title="bbox 551 2266 2117 2336; baseline 0.002 -14"><span class='ocrx_word' id='word_1_129' title='bbox 551 2267 953 2322; x_wconf 87' lang='lat' dir='ltr'>informandam</span> <span class='ocrx_word' id='word_1_130' title='bbox 1021 2266 1310 2336; x_wconf 86' lang='lat' dir='ltr'>praecipue</span> <span class='ocrx_word' id='word_1_131' title='bbox 1373 2269 1567 2323; x_wconf 89' lang='lat' dir='ltr'>valent.</span> <span class='ocrx_word' id='word_1_132' title='bbox 1634 2269 1838 2323; x_wconf 88' lang='lat' dir='ltr'>Harum</span> <span class='ocrx_word' id='word_1_133' title='bbox 1903 2287 2117 2325; x_wconf 92' lang='lat' dir='ltr'>summa</span> 
     </span>
     <span class='ocr_line' id='line_1_22' title="bbox 551 2367 2111 2440; baseline 0.003 -18"><span class='ocrx_word' id='word_1_134' title='bbox 551 2367 728 2437; x_wconf 88' lang='lat' dir='ltr'>capita</span> <span class='ocrx_word' id='word_1_135' title='bbox 778 2367 1018 2423; x_wconf 85' lang='lat' dir='ltr'>delibant</span> <span class='ocrx_word' id='word_1_136' title='bbox 1067 2367 1240 2435; x_wconf 87' lang='lat' dir='ltr'>magis</span> <span class='ocrx_word' id='word_1_137' title='bbox 1297 2367 1517 2424; x_wconf 91' lang='lat' dir='ltr'>iuvenes</span> <span class='ocrx_word' id='word_1_138' title='bbox 1574 2386 1738 2438; x_wconf 83' lang='lat' dir='ltr'>quam</span> <span class='ocrx_word' id='word_1_139' title='bbox 1788 2370 2111 2440; x_wconf 88' lang='lat' dir='ltr'>percipiunt,</span> 
     </span>
     <span class='ocr_line' id='line_1_23' title="bbox 552 2467 2116 2539; baseline 0.002 -16"><span class='ocrx_word' id='word_1_140' title='bbox 552 2476 604 2524; x_wconf 93' lang='lat' dir='ltr'>et</span> <span class='ocrx_word' id='word_1_141' title='bbox 652 2468 914 2523; x_wconf 87' lang='lat' dir='ltr'>informes</span> <span class='ocrx_word' id='word_1_142' title='bbox 963 2485 1024 2523; x_wconf 88' lang='lat' dir='ltr'>ac</span> <span class='ocrx_word' id='word_1_143' title='bbox 1072 2467 1263 2523; x_wconf 89' lang='lat' dir='ltr'>leviter</span> <span class='ocrx_word' id='word_1_144' title='bbox 1312 2468 1530 2537; x_wconf 83' lang='lat' dir='ltr'>eruditi,</span> <span class='ocrx_word' id='word_1_145' title='bbox 1572 2470 1664 2525; x_wconf 91' lang='lat' dir='ltr'>sed</span> <span class='ocrx_word' id='word_1_146' title='bbox 1721 2469 1976 2539; x_wconf 93' lang='lat' dir='ltr'>opinione</span> <span class='ocrx_word' id='word_1_147' title='bbox 2020 2489 2116 2526; x_wconf 92' lang='lat' dir='ltr'>sua</span> 
     </span>
     <span class='ocr_line' id='line_1_24' title="bbox 552 2567 1594 2637; baseline 0 -13"><span class='ocrx_word' id='word_1_148' title='bbox 552 2567 872 2636; x_wconf 83' lang='lat' dir='ltr'>doctissimi,</span> <span class='ocrx_word' id='word_1_149' title='bbox 921 2568 1221 2636; x_wconf 87' lang='lat' dir='ltr'>procedunt</span> <span class='ocrx_word' id='word_1_150' title='bbox 1258 2586 1285 2623; x_wconf 93' lang='lat' dir='ltr'>e</span> <span class='ocrx_word' id='word_1_151' title='bbox 1335 2569 1594 2637; x_wconf 69' lang='lat' dir='ltr'>collegiis</span> 
     </span>
    </p>

    <p class='ocr_par' dir='ltr' id='par_1_5' title="bbox 552 2667 2117 3140">
     <span class='ocr_line' id='line_1_25' title="bbox 620 2667 2117 2737; baseline 0.003 -16"><span class='ocrx_word' id='word_1_152' title='bbox 620 2667 786 2722; x_wconf 93' lang='lat' dir='ltr'>Nobis</span> <span class='ocrx_word' id='word_1_153' title='bbox 837 2684 964 2722; x_wconf 88' lang='lat' dir='ltr'>vero</span> <span class='ocrx_word' id='word_1_154' title='bbox 1014 2667 1269 2737; x_wconf 89' lang='lat' dir='ltr'>imposita</span> <span class='ocrx_word' id='word_1_155' title='bbox 1318 2676 1399 2724; x_wconf 92' lang='lat' dir='ltr'>est</span> <span class='ocrx_word' id='word_1_156' title='bbox 1446 2686 1643 2724; x_wconf 88' lang='lat' dir='ltr'>novam</span> <span class='ocrx_word' id='word_1_157' title='bbox 1699 2670 1837 2724; x_wconf 87' lang='lat' dir='ltr'>hanc</span> <span class='ocrx_word' id='word_1_158' title='bbox 1887 2670 2117 2726; x_wconf 91' lang='lat' dir='ltr'>docendi</span> 
     </span>
     <span class='ocr_line' id='line_1_26' title="bbox 554 2766 2116 2839; baseline 0.001 -17"><span class='ocrx_word' id='word_1_159' title='bbox 554 2766 697 2823; x_wconf 89' lang='lat' dir='ltr'>viam</span> <span class='ocrx_word' id='word_1_160' title='bbox 753 2768 971 2823; x_wconf 91' lang='lat' dir='ltr'>tenendi</span> <span class='ocrx_word' id='word_1_161' title='bbox 1021 2768 1328 2824; x_wconf 76' lang='lat' dir='ltr'>necessitas</span> <span class='ocrx_word' id='word_1_162' title='bbox 1377 2768 1591 2825; x_wconf 89' lang='lat' dir='ltr'>Miseret</span> <span class='ocrx_word' id='word_1_163' title='bbox 1645 2787 1732 2825; x_wconf 93' lang='lat' dir='ltr'>me</span> <span class='ocrx_word' id='word_1_164' title='bbox 1783 2787 1971 2825; x_wconf 93' lang='lat' dir='ltr'>eorum</span> <span class='ocrx_word' id='word_1_165' title='bbox 2021 2769 2116 2839; x_wconf 87' lang='lat' dir='ltr'>qui</span> 
     </span>
     <span class='ocr_line' id='line_1_27' title="bbox 553 2867 2114 2939; baseline 0.001 -15"><span class='ocrx_word' id='word_1_166' title='bbox 553 2867 779 2937; x_wconf 88' lang='lat' dir='ltr'>collegia</span> <span class='ocrx_word' id='word_1_167' title='bbox 821 2875 1006 2924; x_wconf 90' lang='lat' dir='ltr'>nostra</span> <span class='ocrx_word' id='word_1_168' title='bbox 1055 2877 1268 2938; x_wconf 84' lang='lat' dir='ltr'>regunt,</span> <span class='ocrx_word' id='word_1_169' title='bbox 1305 2870 1526 2926; x_wconf 89' lang='lat' dir='ltr'>miseret</span> <span class='ocrx_word' id='word_1_170' title='bbox 1569 2870 1974 2939; x_wconf 87' lang='lat' dir='ltr'>magistrorum.</span> <span class='ocrx_word' id='word_1_171' title='bbox 2013 2870 2114 2926; x_wconf 86' lang='lat' dir='ltr'>Sed</span> 
     </span>
     <span class='ocr_line' id='line_1_28' title="bbox 552 2968 2111 3040; baseline 0.001 -15"><span class='ocrx_word' id='word_1_172' title='bbox 552 2968 767 3025; x_wconf 84' lang='lat' dir='ltr'>virtutis</span> <span class='ocrx_word' id='word_1_173' title='bbox 840 2986 1001 3024; x_wconf 87' lang='lat' dir='ltr'>causa</span> <span class='ocrx_word' id='word_1_174' title='bbox 1074 2968 1379 3027; x_wconf 86' lang='lat' dir='ltr'>faciendum</span> <span class='ocrx_word' id='word_1_175' title='bbox 1453 2971 1599 3040; x_wconf 88' lang='lat' dir='ltr'>quod</span> <span class='ocrx_word' id='word_1_176' title='bbox 1673 2969 1931 3027; x_wconf 88' lang='lat' dir='ltr'>declinari</span> <span class='ocrx_word' id='word_1_177' title='bbox 2004 2988 2111 3027; x_wconf 94' lang='lat' dir='ltr'>non</span> 
     </span>
     <span class='ocr_line' id='line_1_29' title="bbox 554 3076 748 3140; baseline -0.01 -14"><span class='ocrx_word' id='word_1_178' title='bbox 554 3076 748 3140; x_wconf 88' lang='lat' dir='ltr'>potest.</span> 
     </span>
    </p>

    <p class='ocr_par' dir='ltr' id='par_1_6' title="bbox 622 3168 2113 3241">
     <span class='ocr_line' id='line_1_30' title="bbox 622 3168 2113 3241; baseline 0.001 -16"><span class='ocrx_word' id='word_1_179' title='bbox 622 3168 870 3226; x_wconf 84' lang='lat' dir='ltr'>Pluribus</span> <span class='ocrx_word' id='word_1_180' title='bbox 910 3169 1018 3225; x_wconf 93' lang='lat' dir='ltr'>iam</span> <span class='ocrx_word' id='word_1_181' title='bbox 1065 3168 1120 3225; x_wconf 92' lang='lat' dir='ltr'>in</span> <span class='ocrx_word' id='word_1_182' title='bbox 1165 3170 1407 3240; x_wconf 82' lang='lat' dir='ltr'>collegiis</span> <span class='ocrx_word' id='word_1_183' title='bbox 1445 3170 1643 3227; x_wconf 90' lang='lat' dir='ltr'>nostris</span> <span class='ocrx_word' id='word_1_184' title='bbox 1681 3170 1743 3227; x_wconf 86' lang='lat' dir='ltr'>in</span> <span class='ocrx_word' id='word_1_185' title='bbox 1782 3188 1931 3228; x_wconf 88' lang='lat' dir='ltr'>more</span> <span class='ocrx_word' id='word_1_186' title='bbox 1970 3171 2113 3241; x_wconf 89' lang='lat' dir='ltr'>posi-</span> 
     </span>
    </p>
   </div>
  </div>
 </body>
</html>
