2315 3559
543 216 646 272 316
803 234 1053 273 EPISTOLA
1092 236 1140 274 R.
1185 235 1230 273 P.
1273 237 1325 274 N.
1369 234 1611 274 Lunovlcl
1651 235 1850 274 MARTIN

544 387 750 435 scentes
795 380 938 448 facti,
986 398 1082 435 suo
1126 398 1340 449 semper
1383 380 1584 436 iudicio
1629 398 1684 435 se
1728 398 1933 449 regere,
1986 399 2108 435 auc-

543 479 817 534 toritatem
874 498 1033 547 aegre
1095 482 1251 548 serre,
1327 488 1739 549 praeceptorum
1807 488 1859 535 et
1925 482 2109 536 mode-

543 586 785 634 ratorum
870 579 1013 634 dicta
1097 587 1149 634 et
1239 580 1375 634 facta
1467 580 1753 647 discutere,
1847 580 2103 648 iudicare,

542 680 920 734 condemnare.
984 680 1056 733 Ex
1112 681 1213 733 hoc
1291 680 1495 734 mundo
1568 682 1634 735 ad
1714 698 1810 735 nos
1890 680 2108 735 veniant

541 797 756 834 necesse
794 787 891 846 est,
933 779 1027 848 qui
1065 780 1129 834 ad
1171 797 1268 835 nos
1307 781 1567 836 accedunt
1614 780 1865 836 Societati
1908 798 2106 836 nomen

540 878 737 933 daturi.

166 1000 213 1038 et
238 994 399 1039 deinde
423 995 492 1039 vix
606 977 690 1032 40.
735 977 901 1042 Quam
959 986 1140 1033 autem
1186 978 1418 1034 difficilis
1474 996 1558 1034 res
1603 987 1698 1043 est,
1748 986 1822 1047 ut,
1876 997 2038 1048 quem
2077 998 2107 1034 a

220 1064 429 1151 {sfflffiff
538 1079 738 1134 teneris
810 1079 1117 1147 unguiculis
1189 1079 1436 1134 habitum
1508 1088 1906 1147 contraxerunt,
1981 1098 2105 1135 eum

538 1178 857 1234 Societatem
903 1179 1132 1247 ingressi
1183 1179 1406 1235 omnino
1457 1180 1752 1249 deponant3
1801 1188 1859 1234 ut
1907 1180 2106 1234 virtute

537 1279 728 1347 suique
773 1279 1131 1347 abnegatione
1181 1287 1418 1335 veterem
1462 1279 1910 1335 consuetudinem
1955 1287 2107 1334 natu-

537 1396 764 1448 ramque
802 1380 1042 1447 vincant;
1083 1388 1143 1434 ut
1179 1379 1283 1434 alia
1319 1397 1559 1449 prorSUS,
1601 1397 1708 1434 non
1746 1379 1854 1434 iam
1893 1379 2101 1448 mundi,

535 1481 627 1535 sed
673 1481 950 1548 Evangelii
995 1499 1150 1536 sensa
1194 1481 1407 1549 penitus
1446 1481 1779 1549 concipiant!
1829 1481 1901 1535 Ex
1940 1482 2106 1535 altera

535 1589 716 1635 autem
744 1589 913 1650 parte,
945 1581 989 1636 si
1028 1581 1160 1650 quid
1200 1581 1461 1636 mundani
1500 1581 1720 1650 spiritus
1758 1580 1934 1636 adhuc
1978 1579 2107 1635 insi-

535 1682 675 1750 deat,
726 1690 930 1737 veteres
975 1700 1184 1737 errores
1229 1682 1518 1737 eiurabunt
1560 1682 1783 1750 quidem
1828 1680 2010 1735 animo
2055 1687 2107 1735 et

535 1790 733 1850 mente,
782 1784 874 1838 sed
921 1784 1152 1852 prodent
1190 1782 1341 1837 factis
1386 1782 1635 1851 vitaeque
1682 1781 1907 1837 ratione.
1951 1781 2102 1845 Quod

535 1883 798 1939 iudicium
855 1901 1033 1938 nonne
1088 1883 1283 1938 merito
1334 1884 1617 1938 ferendum
1673 1890 1812 1938 esset
1861 1883 1927 1937 de
1977 1881 2101 1949 illis,

534 1983 648 2052 qui,
679 1983 946 2051 religiosis
975 1984 1114 2039 votis
1140 1983 1391 2039 Societati
1420 1983 1673 2051 devincti,
1703 1990 1890 2037 contra
1927 1981 2106 2036 infini-

533 2091 644 2138 tam
672 2084 811 2139 hanc
836 2091 999 2152 atque
1026 2083 1421 2138 intolerandam
1449 2100 1631 2137 rerum
1660 2081 1905 2137 omnium
1944 2080 2107 2135 licen-

532 2184 664 2239 tiam
715 2184 916 2238 bellum
967 2182 1145 2238 verbis
1197 2183 1514 2250 indicerent,
1569 2200 1597 2237 e
1646 2180 1843 2236 scholis
1888 2188 1940 2235 et
1982 2198 2106 2247 sug-

531 2285 773 2353 gestibus
854 2283 1330 2340 vehementissime
1414 2284 1796 2350 declamarent,
1878 2280 2102 2350 privatis

532 2385 836 2454 colloquiiS,
890 2384 1104 2453 scriptis
1143 2383 1314 2451 libriS,
1357 2383 1505 2438 omni
1545 2382 1780 2451 denique
1824 2398 2102 2436 armorum

531 2503 729 2553 genere
790 2484 1052 2539 acerrime
1113 2491 1443 2552 pugnarent3
1500 2499 1687 2538 verum
1749 2481 1915 2536 iidem
1977 2479 2099 2549 ipsi,

533 2603 697 2654 quarn
736 2585 1189 2654 intemperantem
1228 2584 1755 2651 immoderatamque
1799 2581 2101 2636 libertatem

534 2684 711 2741 verbis
762 2685 1071 2754 vituperant
1113 2691 1275 2753 atque
1321 2683 1670 2750 insectantur,
1717 2681 1858 2735 intra
1919 2681 2103 2735 dome-

532 2785 693 2841 sticos
729 2784 959 2854 parietes
996 2783 1147 2839 sactis
1186 2783 1287 2837 sibi
1330 2783 1682 2849 vindicarent,
1725 2779 2100 2836 oboedientiae

533 2885 722 2952 iugum
779 2884 1111 2952 ductumque
1166 2884 1541 2949 detrectantes,
1601 2887 1982 2948 cognoscentes
2050 2886 2101 2933 et

533 2986 893 3054 disceptantes
932 2985 998 3039 de
1036 2983 1389 3052 Superiorum
1427 2983 1558 3037 actis
1598 2990 1689 3036 aut
1726 2980 1901 3048 dietis,
1932 2979 2099 3035 libere

533 3093 811 3154 carpentes
862 3101 1050 3140 eorum
1100 3083 1243 3138 iussa
1293 3091 1345 3138 et
1398 3082 1747 3152 praescripta,
1801 3097 2099 3148 eorumque

533 3183 941 3252 gubernationis
1006 3183 1241 3239 libertati
1310 3182 1698 3252 impedimenta
1761 3179 2098 3235 obicientes?
