2315 3559
471 227 572 282 488
1101 246 1194 283 sTU
1221 261 1288 266 —
1315 246 1410 284 sna

470 402 656 443 prorsus
677 390 728 443 (Ι,
751 391 818 442 61,
842 390 910 443 62,
935 390 1047 444 459),
1085 404 1138 433 ne
1171 391 1212 433 in
1248 391 1398 444 gravia
1419 392 1617 446 pericula
1644 400 1687 436 et
1707 393 1866 437 (Iamna
1886 394 2036 438 incur-

473 476 664 528 ratur(l‚
688 475 755 530 57,
790 476 879 525 193,
912 476 1006 528 459,
1041 475 1152 529 460).
1189 476 1291 520 ideo
1322 491 1429 530 prae
1462 478 1600 521 oculis
1631 478 1882 523 habendum
1915 481 2033 534 quod

471 561 659 605 traditur
688 561 810 605 initio
842 562 980 615 partis
1013 561 1208 605 decimae
1250 561 1618 607 Constitutionum
1653 564 1704 618 (Ι,
1736 565 1822 618 64),
1856 572 1899 609 et
1928 565 2032 609 illud

471 648 588 701 quod
619 648 755 701 Cong.
789 647 896 690 Gen.
935 647 1064 691 XVIII
1101 648 1221 691 decr.
1253 648 1307 691 22
1339 649 1420 692 sibi
1452 650 1740 695 vehementer
1776 665 1875 696 esse
1909 652 2032 696 cordi

469 733 709 776 declaravit
729 733 799 786 (ΙΙ,
823 733 937 787 240).

524 818 584 863 be
606 819 658 863 iis
681 833 793 873 quae
815 819 858 862 in
882 819 1066 864 Ratione
1098 820 1341 864 studiorum
1374 827 1417 864 et
1447 821 1808 866 Ordinationilms
1840 822 2032 868 Genera-

466 905 570 949 lium
600 911 760 948 statuta
789 911 904 954 sunt,
940 906 1183 950 curandum
1218 913 1285 950 est
1315 913 1363 950 ut
1389 907 1577 952 fideliter
1608 909 1879 953 exsecutioni
1910 923 2033 953 man-

467 991 628 1035 dentur
648 991 738 1044 (III,
762 992 858 1044 277,
881 992 976 1043 278,
1002 992 1069 1045 IV,
1094 992 1188 1045 278,
1213 992 1308 1046 282,
1328 993 1442 1047 284).

521 1076 832 1121 Vehementius
862 1078 1230 1122 commendantur
1264 1078 1407 1122 studia
1446 1079 1753 1124 humaniorum
1784 1080 2029 1125 litterarum

465 1163 555 1215 (ΙΙΙ,
588 1162 681 1213 274,
718 1162 842 1216 275);
882 1163 985 1206 item
1024 1163 1193 1215 altiora,
1240 1178 1351 1217 quae
1396 1178 1475 1218 per
1515 1164 1741 1209 biennium
1784 1167 2031 1210 accuratius

464 1249 663 1292 recolant
702 1249 916 1303 aptissimi
956 1249 1046 1302 (ΙΙΙ,
1089 1250 1202 1303 278),
1245 1251 1533 1294 instauranda
1580 1251 1746 1305 ubique
1788 1253 2030 1295 secundum

464 1335 709 1378 doctrinam
733 1335 929 1389 Angelici
956 1336 1155 1379 Hectoris
1178 1336 1221 1379 in
1247 1343 1433 1390 utraque
1461 1337 1666 1381 facultate
1689 1337 1779 1390 (ΙΙΙ,
1803 1338 1916 1389 279).

520 1452 770 1496 STUDIUM
790 1452 1077 1506 perfectionis
1100 1453 1148 1505 (Ι,
1174 1453 1267 1506 149)
1293 1468 1301 1496 :
1327 1453 1417 1497 vict.
1442 1454 1626 1499 Pervor.

519 1537 729 1582 Studium
760 1538 1052 1592 spiritualium
1084 1538 1403 1582 Exercitiorum
1436 1538 1476 1582 S.
1512 1539 1555 1582 P.
1590 1538 1639 1582 N.
1672 1539 1742 1592 (ΙΙ,
1777 1538 1876 1593 365)
1901 1554 1910 1583 :
1938 1539 2026 1583 vicl.

463 1624 694 1668 Exercitia
715 1624 990 1679 spiritualia.

519 1709 729 1753 Studium
749 1723 899 1753 rerum
923 1709 1213 1764 spiritualium
1234 1709 1285 1762 (Ι,
1314 1710 1407 1755 158)
1433 1725 1441 1753 ;
1468 1710 1556 1754 vid.
1581 1711 1670 1755 Res
1692 1711 1971 1766 spirituales.

519 1826 794 1871 SUAVITAS
811 1826 959 1870 divina
981 1826 1034 1879 (Ι,
1057 1826 1155 1879 313)
1184 1841 1191 1870 ;
1218 1826 1307 1870 rid.
1333 1827 1642 1872 Perfectiones
1665 1827 1864 1871 divinae.

519 1912 736 1957 Suavitas
752 1912 967 1966 requisita
982 1913 1247 1965 praesertim
1265 1913 1307 1955 in
1327 1912 1650 1966 gubernatione
1667 1913 1718 1967 (Ι,
1734 1913 1828 1956 411.
1848 1913 1897 1962 ΙΙ,
1915 1912 2028 1965 382);

465 1998 554 2043 vid.
581 1998 871 2065 Gubernatio,
896 1999 1214 2043 Mansuetudo.

520 2115 739 2159 SUBDITI
760 2115 1023 2169 Superiores
1047 2115 1192 2159 colant
1214 2122 1261 2159 ut
1282 2115 1437 2159 Christi
1464 2115 1650 2158 vicarios
1672 2115 1721 2168 (Ι,
1741 2114 1826 2167 30),
1853 2129 1964 2168 quos
1986 2115 2030 2157 in

465 2201 748 2244 exsecutione
775 2200 983 2244 adiuvare
1006 2200 1170 2244 debent
1197 2200 1247 2253 (1,
1272 2200 1384 2253 416),
1410 2200 1718 2254 intellegentes
1742 2214 1871 2253 quam
1895 2214 2030 2253 grave

465 2300 513 2329 ac
545 2286 846 2341 periculosum
880 2300 992 2330 onus
1023 2287 1065 2329 hi
1098 2286 1344 2329 sustineant
1373 2286 1444 2338 (ΙΙ,
1468 2285 1581 2339 225),
1606 2291 1654 2329 ut
1675 2286 1792 2329 omni
1827 2285 2032 2339 simplici-

465 2379 551 2416 tate
582 2371 906 2415 admonitiones
939 2386 987 2415 ac
1020 2372 1324 2415 correctiones
1360 2371 1630 2425 accipientes
1661 2372 1711 2424 (Ι,
1745 2371 1830 2425 68),
1866 2371 2029 2415 similes

465 2458 674 2511 aegrotis,
701 2458 767 2501 vel
791 2458 954 2502 sanctis
976 2458 1244 2512 martyribus
1266 2458 1316 2510 (Ι,
1337 2459 1431 2511 417,
1451 2459 1563 2511 418),
1584 2464 1631 2501 ut
1647 2464 1746 2512 apta
1770 2458 1856 2501 sint
1873 2458 2033 2501 instru-

465 2550 615 2588 menta
644 2545 687 2587 in
718 2558 852 2587 manu
887 2544 959 2587 Dei
991 2545 1061 2597 (ΙΙ,
1087 2544 1302 2598 409-411),
1337 2551 1379 2588 et
1410 2551 1631 2598 tamquam
1656 2545 1743 2588 vivi
1776 2551 1819 2588 et
1847 2544 2031 2598 pretiosi

467 2630 634 2683 lapides
657 2630 699 2672 in
723 2630 920 2673 aedificio
943 2630 1171 2674 Societatis
1194 2631 1243 2683 (Ι,
1265 2630 1331 2683 92,
1356 2629 1442 2684 93).

521 2716 584 2759 Ad
615 2715 897 2769 Superiorem
929 2722 1118 2770 possunt
1147 2730 1269 2759 suam
1301 2716 1354 2759 ab
1378 2730 1531 2759 eorum
1564 2716 1780 2759 sententia
1812 2715 2029 2758 diversam

468 2802 639 2845 referre
660 2801 712 2855 (Ι,
735 2802 802 2844 45.
828 2801 880 2851 ΙΙ,
904 2802 998 2850 287,
1022 2802 1133 2855 288),
1156 2808 1199 2845 et
1220 2802 1349 2855 plena
1373 2802 1574 2845 libertate
1597 2816 1695 2844 curn
1719 2801 2030 2855 Superioribus

468 2887 782 2931 remotioribus
832 2888 1160 2931 communicare
1200 2888 1270 2941 (ΙΙ,
1319 2889 1408 2939 191,
1457 2887 1545 2939 192,
1588 2888 1701 2941 214).
1744 2887 1898 2931 Cetera
1938 2885 2028 2930 cdd.

471 2974 785 3019 oboedientia.

525 3081 932 3126 SUBORDINA'I'IO
974 3095 1189 3134 quaenam
1233 3082 1287 3125 sit
1326 3082 1368 3124 in
1411 3082 1625 3126 Societate
1666 3082 1716 3134 (Ι,
1764 3082 1826 3133 18,
1867 3081 1926 3133 19,
1961 3081 2026 3123 45.

469 3167 529 3211 (js.
553 3168 583 3219 Ι,
608 3167 719 3220 419).
746 3165 890 3218 Quare
921 3167 1032 3209 hanc
1064 3166 1121 3209 ita
1152 3167 1423 3211 constituere
1455 3167 1594 3210 visum
1629 3167 1683 3210 sit
1703 3166 1753 3219 (1,
1777 3166 1917 3221 20-28,
1942 3166 2026 3217 46).

470 3253 606 3307 Quam
628 3254 826 3309 perfecte
848 3253 1016 3298 servari
1039 3252 1198 3297 debeat
1218 3253 1268 3307 (Ι,
1292 3253 1359 3306 29,
1384 3254 1469 3308 30).
