2315 3559
579 185 682 243 340
839 205 1090 245 EPISTOLA
1129 206 1177 246 R.
1221 208 1267 246 P.
1310 209 1362 246 N.
1407 208 1648 248 Lunovicl
1689 210 1886 250 ΜΑΒΤΙΝ

579 350 943 417 praesentium
998 351 1412 421 visitationibus,
1460 362 1575 408 tum
1624 355 1818 423 cupide
1868 357 2145 425 exquisitis

577 450 919 519 acceptisque
945 452 1168 519 nuntiiS‚
1199 460 1310 506 tum
1347 453 1529 508 effusis
1558 454 1824 523 precibUS‚
1856 464 1972 510 tum
2004 458 2146 512 solli-

577 547 695 603 citis
725 549 862 604 votis
896 551 962 604 ad
1002 550 1171 604 Deum
1199 552 1547 606 exorandum.
1580 552 1722 616 Quae
1750 553 1991 623 quidem,
2022 573 2143 610 cum

577 647 713 701 mihi
759 648 937 703 morbi
975 666 1129 703 curas
1163 667 1224 703 ac
1262 650 1536 705 molestias
1572 651 1773 706 mirum
1818 652 1873 706 in
1918 654 2144 709 modum

575 746 897 815 leniverunt,
929 755 980 802 et
1007 747 1322 816 maximum,
1353 766 1462 818 quo
1490 750 1544 803 in
1571 751 1670 805 hac
1699 752 1807 806 vita
1834 752 1940 806 frui
1966 752 2140 821 liceat,

575 847 835 901 solacium
885 849 1183 902 attulerunt
1197 867 1210 915 3
1258 856 1374 903 tum
1420 849 1572 904 vobis
1617 850 1748 918 ipsis
1792 859 1844 906 et
1892 851 2142 907 Societati

573 953 788 1000 nostrae
821 946 1132 1002 carissimae
1167 948 1432 1003 maiorem
1467 966 1679 1017 semper
1710 968 1739 1004 a
1769 950 1876 1005 Deo
1910 951 2142 1019 gratiam

573 1045 947 1100 demerebunt.

638 1145 881 1200 Alterum
926 1163 1053 1201 vero
1099 1147 1201 1201 hoc
1238 1155 1335 1215 est,
1377 1150 1522 1216 quod
1569 1157 1778 1218 exopto,
1821 1149 1968 1204 Sicut
2005 1151 2141 1206 Deus

571 1246 670 1299 hac
708 1246 885 1301 morbi
924 1247 1204 1302 occasione
1235 1248 1574 1316 pientissimo
1608 1249 1832 1304 consilio
1860 1250 2053 1319 effecit,
2084 1259 2143 1306 ut

570 1345 625 1399 in
669 1345 932 1402 Societate
976 1355 1160 1402 nostra
1205 1356 1393 1402 mutua
1443 1348 1786 1404 subditorum
1837 1350 1967 1405 unio
2016 1368 2139 1405 cum

500 1473 505 1476 ·
570 1444 744 1513 capite
799 1446 1239 1502 manifestissime
1293 1447 1536 1516 eniteret,
1590 1448 2030 1518 singularemque
2085 1451 2140 1505 in

571 1546 796 1601 modum
835 1548 1255 1615 proveheretur3
1298 1548 1371 1602 ita
1410 1550 1599 1604 eadem
1639 1550 1917 1605 occasione
1965 1551 2138 1605 bonus

571 1646 783 1715 efficiat,
814 1656 873 1702 ut
911 1665 1034 1702 eum
1067 1666 1281 1703 summo
1313 1649 1487 1718 capite
1514 1650 1766 1718 bonoque
1797 1659 1982 1705 nostro
2021 1651 2139 1706 Iesu

571 1747 782 1802 Christo
843 1748 1079 1816 penitius
1140 1749 1463 1818 firmiusque
1513 1751 1925 1819 coniungamur.
1980 1750 2137 1806 Omni

570 1846 738 1914 igitur
775 1848 956 1903 studio
1003 1866 1094 1904 vos
1135 1867 1321 1904 omnes
1367 1850 1556 1905 hortor
1599 1859 1760 1919 atque
1799 1852 2039 1919 obsecrO,
2080 1859 2139 1905 ut

569 1948 948 2018 Redemptoris
975 1950 1146 2005 nostri
1174 1950 1333 2019 vitae,
1364 1951 1622 2019 passioni,
1654 1952 1835 2021 morti,
1866 1970 1925 2007 ac
1964 1969 2139 2007 resur-

568 2049 795 2104 rectioni
862 2049 1276 2117 diligentissime
1337 2052 1767 2108 commentandis
1830 2070 1923 2107 vos
1996 2060 2136 2107 totos

568 2149 806 2217 dedatis;
855 2158 907 2205 et
950 2158 1009 2204 ut
1052 2151 1235 2206 omnia
1274 2152 1355 2206 vel
1401 2151 1628 2207 minima
1665 2152 1834 2221 ipsius
1879 2170 2043 2222 opera
2086 2161 2138 2208 et

567 2250 728 2318 dicta,
751 2251 1104 2321 divinamque
1132 2252 1246 2307 eius
1275 2253 1577 2308 doctrinam
1605 2253 1796 2309 intime
1823 2254 2136 2309 scrutemini

566 2367 626 2404 ac
677 2351 956 2419 evolvatis‚
998 2351 1304 2407 cuiusmodi
1354 2352 1509 2407 nobis
1558 2371 1588 2407 a
1637 2354 1834 2408 sanctis
1879 2361 2136 2422 quattuor

567 2451 984 2519 Evangeliorum
1029 2452 1382 2521 scriptoribus
1422 2461 1583 2522 atque
1620 2454 1687 2508 ab
1724 2454 1992 2522 Apostolis
2030 2463 2136 2509 tra-

567 2551 680 2606 dita
707 2559 849 2619 sunt,
880 2560 933 2606 et
958 2552 1102 2607 iuxta
1131 2553 1471 2621 methodum,
1502 2571 1668 2622 quam
1697 2562 1910 2609 sanctus
1940 2572 2133 2624 parens

566 2660 748 2707 noster
804 2652 1042 2720 Ignatius
1095 2653 1148 2707 in
1204 2653 1575 2722 spiritualibus
1621 2654 1897 2710 Exercitiis
1948 2655 2132 2710 divino

566 2753 748 2807 afflatu
775 2770 871 2807 nos
900 2753 1131 2809 edocuit.
1157 2754 1385 2809 Assidua
1412 2755 1511 2809 hac
1538 2755 1890 2810 meditatione
1917 2762 2134 2811 conten-

565 2854 695 2908 dant
721 2870 908 2908 omnes
935 2855 1001 2909 ad
1030 2854 1293 2909 maiorem
1321 2855 1375 2909 in
1402 2855 1515 2910 dies
1542 2855 1909 2923 cognitionem
1935 2856 2132 2911 Christi

565 2953 866 3022 pervenire,
891 2971 987 3022 per
1012 2954 1377 3021 cognitionem
1399 2956 1466 3011 ad
1488 2972 1748 3023 amorem,
1774 2973 1869 3024 per
1888 2973 2130 3011 amorem

565 3053 632 3107 ad
662 3053 924 3108 virtutum
971 3053 1350 3123 imitationem,
1381 3072 1613 3123 quarum
1658 3054 1907 3109 Servator
1950 3063 2131 3111 noster

567 3155 871 3223 exemplum
899 3153 1137 3223 reliquit.
1163 3155 1305 3210 Haec
1334 3155 1614 3211 meditatio
1642 3155 1990 3211 incitamento
2029 3157 2130 3211 erit
