2315 3559
203 2479 431 2543 effusionis

269 2550 401 2579 amml

550 190 651 248 242
723 211 973 252 EPISTOLA
1011 213 1060 253 R.
1104 214 1150 253 P.
1193 216 1245 253 N.
1287 215 1406 254 ANT.
1455 216 1580 255 MAR.
1627 217 1936 257 ANDERLEDY

550 357 682 411 cella
707 375 816 412 non
853 376 1153 427 numquam
1193 360 1441 414 redeunti
1486 379 1547 416 ex
1584 363 1776 431 patria,
1807 363 1975 418 tristis
2002 364 2112 420 vita

548 457 871 526 communis,
920 459 1098 513 tristes
1143 459 1294 527 socii,
1334 459 1502 515 tristis
1546 462 1738 530 oratio,
1769 463 2111 519 oboedientia

548 556 876 625 tristissima,
918 566 1203 626 totumque
1241 559 1520 615 hominem
1558 561 1821 616 iacentem
1861 570 1912 617 et
1948 564 2112 618 afflic-

546 663 661 710 tum
706 666 820 711 ater
864 658 1088 726 quidam
1139 660 1387 727 pervadit
1435 669 1488 716 et
1537 662 1956 716 melancholicus
2013 664 2111 716 hu-

547 773 683 810 mor.
732 756 893 811 Redit
936 757 1078 811 enim
1121 757 1199 812 illi
1260 760 1525 815 memoria
1576 761 1837 830 temporis
1894 762 1997 816 acti
2053 762 2108 817 in

545 857 781 923 saeculo;
848 858 995 925 quod
1052 858 1220 913 oculis
1283 876 1391 914 non
1453 868 1647 929 potest,
1713 863 2109 930 contemplatur

543 955 726 1009 animo
771 964 823 1011 et
865 957 1135 1012 desideria
1189 959 1437 1014 feruntur
1481 960 1535 1014 in
1587 961 1875 1016 commoda
1926 970 1978 1016 et
2032 962 2109 1016 vi-

545 1055 704 1109 vendi
742 1056 1067 1111 libertatem.

612 1155 914 1210 Familiaris
960 1174 1088 1211 vero
1137 1174 1261 1212 cum
1299 1158 1407 1212 Deo
1451 1158 1649 1226 agendi
1698 1159 2104 1215 consuetudinis

542 1257 678 1311 sacta
728 1265 808 1312 est
856 1275 964 1312 non
1013 1258 1145 1312 levis
1197 1258 1420 1313 iactura.
1476 1258 1626 1323 Quod
1678 1277 1843 1328 quam
1901 1261 2105 1328 grande

540 1359 743 1411 malum
794 1357 881 1424 sit,
935 1358 973 1412 ii
1017 1367 1235 1427 norunt,
1277 1359 1371 1428 qui
1408 1358 1503 1414 Dei
1541 1361 1876 1428 praesentiae
1914 1360 2001 1429 pie
2044 1378 2105 1416 ac

539 1456 766 1512 feliciter
810 1466 1180 1512 assueverunt.

607 1556 780 1620 Quare
808 1557 975 1624 igitur
1001 1558 1234 1626 patriam
1275 1557 1544 1626 petimus?
1584 1558 1652 1613 Ut
1690 1559 1876 1614 miseri
1915 1560 2103 1614 redea-

537 1659 694 1711 mus?
743 1658 812 1711 Ut
868 1665 1139 1712 struamus
1187 1658 1341 1712 nohis
1392 1658 1495 1726 ipsi
1546 1677 1774 1727 angores
1824 1678 1883 1714 ac
1935 1661 2101 1714 mole-

535 1758 698 1811 stias?
743 1757 830 1825 Ut,
855 1775 995 1826 quae
1022 1776 1219 1826 magno
1247 1759 1402 1813 nobis
1430 1759 1614 1814 labore
1640 1760 2096 1829 comparavimUS‚

533 1857 674 1911 bona
724 1857 1154 1925 profundamus?
1194 1857 1262 1911 Ut
1310 1858 1464 1912 nobis
1503 1858 1866 1914 adsciscamus
1911 1859 2099 1915 incita-

533 1964 714 2010 menta
768 1956 1065 2011 vitiorum?
1108 1956 1240 2011 Sunt
1290 1958 1420 2012 haec
1470 1958 1525 2011 in
1575 1958 1749 2027 nobiS,
1803 1967 1927 2014 sunt
1975 1977 2100 2028 pro-

532 2057 668 2111 fecto
714 2065 765 2112 et
809 2074 932 2111 cum
960 2057 1025 2111 iis
1071 2057 1389 2112 continuum
1433 2058 1589 2113 nobis
1633 2067 1713 2113 est
1749 2067 1910 2127 atque
1949 2059 2100 2115 odio-

532 2174 652 2210 sum
725 2165 1018 2212 certarnen.
1085 2157 1250 2212 Insita
1329 2166 1454 2212 sunt
1532 2158 1825 2228 innataque
1886 2159 2097 2214 homini

532 2259 805 2314 mundana
871 2276 881 2312 :
960 2258 1224 2313 libertatis
1297 2275 1469 2327 amor,
1533 2259 1739 2326 gloriae
1805 2259 2090 2328 cupiditas)

531 2360 718 2414 levitas
766 2359 1083 2427 vanitasque
1127 2359 1369 2427 profana.

601 2461 773 2524 Quare
818 2460 1119 2529 perniciosa
1170 2460 1333 2515 etiam
1384 2468 1465 2515 est
1508 2477 1696 2515 eorum
1749 2460 1951 2529 opinio,
2000 2460 2094 2529 qui

531 2561 771 2615 sentiunt
830 2560 1076 2614 animum
1139 2560 1294 2615 nobis
1357 2578 1472 2615 esse
1527 2561 1878 2615 excolendum
1939 2559 2095 2614 itine-

531 2661 699 2729 ribus,
742 2661 1077 2730 spectaculiS,
1120 2661 1345 2730 picturis
1384 2661 1614 2730 aliisque
1654 2670 1767 2716 tum
1796 2661 1945 2729 artiS‚
1976 2669 2091 2715 tum

530 2762 829 2816 industriae
857 2762 1147 2830 operibus;
1190 2762 1365 2830 iisque
1403 2763 1700 2831 pascendos
1727 2780 1842 2817 esse
1886 2763 2086 2830 OCUIOS‚

529 2880 668 2930 quae
727 2870 932 2917 exstant
987 2863 1069 2917 vel
1126 2864 1474 2930 proferuntur
1518 2862 1573 2917 in
1629 2863 1802 2917 lucem
1864 2880 1984 2916 rara
2040 2870 2092 2916 et

529 2962 843 3030 singularia.
900 2963 1041 3017 Haec
1090 2963 1228 3017 levia
1279 2981 1524 3031 vanaque
1572 2964 1926 3032 profanorum
1984 2963 2090 3016 for-

529 3071 669 3118 tasse
715 3062 1000 3117 hominum
1051 3071 1192 3130 sunt,
1241 3063 1466 3118 minime
1522 3063 1921 3131 religiosorum.
1971 3063 2088 3117 Non

528 3164 673 3219 enim
708 3162 785 3217 illi
818 3163 1158 3231 definiuntur
1195 3163 1442 3219 homines
1481 3163 1739 3232 religiosi,
1781 3162 1875 3232 qui
1913 3162 2089 3216 indul-
