<?xml version="1.0" encoding="UTF-8"?>
<!DOCTYPE html PUBLIC "-//W3C//DTD XHTML 1.0 Transitional//EN"
    "http://www.w3.org/TR/xhtml1/DTD/xhtml1-transitional.dtd">
<html xmlns="http://www.w3.org/1999/xhtml" xml:lang="en" lang="en">
 <head>
  <title>
</title>
<meta http-equiv="Content-Type" content="text/html;charset=utf-8" />
  <meta name='ocr-system' content='tesseract 3.04.00' />
  <meta name='ocr-capabilities' content='ocr_page ocr_carea ocr_par ocr_line ocrx_word'/>
</head>
<body>
  <div class='ocr_page' id='page_1' title='image "./epistolaepraepos04jesu_0415.png"; bbox 0 0 2315 3559; ppageno 0'>
   <div class='ocr_carea' id='block_1_1' title="bbox 495 215 1742 269">
    <p class='ocr_par' dir='ltr' id='par_1_1' title="bbox 495 215 1742 269">
     <span class='ocr_line' id='line_1_1' title="bbox 495 215 1742 269; baseline 0.002 -2"><span class='ocrx_word' id='word_1_1' title='bbox 495 230 542 267; x_wconf 82' lang='lat' dir='ltr'>R.</span> <span class='ocrx_word' id='word_1_2' title='bbox 586 229 633 267; x_wconf 87' lang='lat' dir='ltr'>P.</span> <span class='ocrx_word' id='word_1_3' title='bbox 675 230 726 267; x_wconf 85' lang='lat' dir='ltr'>N.</span> <span class='ocrx_word' id='word_1_4' title='bbox 768 227 983 266; x_wconf 67' lang='lat' dir='ltr'>Anromu</span> <span class='ocrx_word' id='word_1_5' title='bbox 1024 227 1080 266; x_wconf 80' lang='lat' dir='ltr'>M.</span> <span class='ocrx_word' id='word_1_6' title='bbox 1124 227 1431 266; x_wconf 75' lang='lat' dir='ltr'><strong>ANDERLEDY</strong></span> <span class='ocrx_word' id='word_1_7' title='bbox 1641 215 1742 269; x_wconf 78' lang='lat'>403</span> 
     </span>
    </p>
   </div>
   <div class='ocr_carea' id='block_1_2' title="bbox 175 371 1743 2222">
    <p class='ocr_par' dir='ltr' id='par_1_2' title="bbox 289 371 1743 852">
     <span class='ocr_line' id='line_1_2' title="bbox 291 371 1738 427; baseline 0 -10"><span class='ocrx_word' id='word_1_8' title='bbox 291 373 490 427; x_wconf 86' lang='lat' dir='ltr'>praebet.</span> <span class='ocrx_word' id='word_1_9' title='bbox 515 373 573 417; x_wconf 85' lang='lat' dir='ltr'>Ex</span> <span class='ocrx_word' id='word_1_10' title='bbox 595 386 646 417; x_wconf 90' lang='lat' dir='ltr'>ea</span> <span class='ocrx_word' id='word_1_11' title='bbox 666 373 708 416; x_wconf 91' lang='lat' dir='ltr'>id</span> <span class='ocrx_word' id='word_1_12' title='bbox 731 377 958 426; x_wconf 87' lang='lat' dir='ltr'>sequetur,</span> <span class='ocrx_word' id='word_1_13' title='bbox 982 377 1029 416; x_wconf 90' lang='lat' dir='ltr'>ut</span> <span class='ocrx_word' id='word_1_14' title='bbox 1058 384 1238 425; x_wconf 82' lang='lat' dir='ltr'>agamus</span> <span class='ocrx_word' id='word_1_15' title='bbox 1266 371 1480 425; x_wconf 89' lang='lat' dir='ltr'>ordinate,</span> <span class='ocrx_word' id='word_1_16' title='bbox 1505 378 1552 416; x_wconf 92' lang='lat' dir='ltr'>ut</span> <span class='ocrx_word' id='word_1_17' title='bbox 1573 379 1738 425; x_wconf 85' lang='lat' dir='ltr'>sancte,</span> 
     </span>
     <span class='ocr_line' id='line_1_3' title="bbox 292 456 1739 511; baseline -0.001 -10"><span class='ocrx_word' id='word_1_18' title='bbox 292 457 386 501; x_wconf 89' lang='lat' dir='ltr'>sine</span> <span class='ocrx_word' id='word_1_19' title='bbox 422 457 637 502; x_wconf 84' lang='lat' dir='ltr'>effusione</span> <span class='ocrx_word' id='word_1_20' title='bbox 671 456 803 500; x_wconf 89' lang='lat' dir='ltr'>animi</span> <span class='ocrx_word' id='word_1_21' title='bbox 838 456 891 500; x_wconf 89' lang='lat' dir='ltr'>ad</span> <span class='ocrx_word' id='word_1_22' title='bbox 923 457 1156 510; x_wconf 82' lang='lat' dir='ltr'><strong>exteriora,</strong></span> <span class='ocrx_word' id='word_1_23' title='bbox 1190 456 1461 510; x_wconf 59' lang='lat' dir='ltr'>generatim</span> <span class='ocrx_word' id='word_1_24' title='bbox 1496 457 1739 511; x_wconf 78' lang='lat' dir='ltr'>speciatim,</span> 
     </span>
     <span class='ocr_line' id='line_1_4' title="bbox 290 541 1743 597; baseline 0.001 -11"><span class='ocrx_word' id='word_1_25' title='bbox 290 542 343 586; x_wconf 90' lang='lat' dir='ltr'>ad</span> <span class='ocrx_word' id='word_1_26' title='bbox 366 556 416 586; x_wconf 85' lang='lat' dir='ltr'>ea</span> <span class='ocrx_word' id='word_1_27' title='bbox 449 556 577 596; x_wconf 86' lang='lat' dir='ltr'>quae,</span> <span class='ocrx_word' id='word_1_28' title='bbox 603 547 650 586; x_wconf 92' lang='lat' dir='ltr'>ut</span> <span class='ocrx_word' id='word_1_29' title='bbox 679 542 825 585; x_wconf 91' lang='lat' dir='ltr'>minus</span> <span class='ocrx_word' id='word_1_30' title='bbox 857 541 992 595; x_wconf 85' lang='lat' dir='ltr'>utilia,</span> <span class='ocrx_word' id='word_1_31' title='bbox 1016 542 1074 586; x_wconf 88' lang='lat' dir='ltr'>ita</span> <span class='ocrx_word' id='word_1_32' title='bbox 1095 541 1235 596; x_wconf 81' lang='lat' dir='ltr'>magis</span> <span class='ocrx_word' id='word_1_33' title='bbox 1264 542 1515 597; x_wconf 88' lang='lat' dir='ltr'>periculosa</span> <span class='ocrx_word' id='word_1_34' title='bbox 1545 549 1671 596; x_wconf 80' lang='lat' dir='ltr'>sunt3</span> <span class='ocrx_word' id='word_1_35' title='bbox 1696 550 1743 587; x_wconf 93' lang='lat' dir='ltr'>ut</span> 
     </span>
     <span class='ocr_line' id='line_1_5' title="bbox 292 626 1743 682; baseline 0.001 -12"><span class='ocrx_word' id='word_1_36' title='bbox 292 627 445 680; x_wconf 86' lang='lat' dir='ltr'>solide,</span> <span class='ocrx_word' id='word_1_37' title='bbox 467 627 584 682; x_wconf 76' lang='lat' dir='ltr'>quod</span> <span class='ocrx_word' id='word_1_38' title='bbox 615 627 658 670; x_wconf 91' lang='lat' dir='ltr'>in</span> <span class='ocrx_word' id='word_1_39' title='bbox 681 626 836 681; x_wconf 89' lang='lat' dir='ltr'>primis</span> <span class='ocrx_word' id='word_1_40' title='bbox 868 627 1224 671; x_wconf 81' lang='lat' dir='ltr'>contionatorum</span> <span class='ocrx_word' id='word_1_41' title='bbox 1253 634 1336 681; x_wconf 88' lang='lat' dir='ltr'>est,</span> <span class='ocrx_word' id='word_1_42' title='bbox 1362 627 1491 672; x_wconf 88' lang='lat' dir='ltr'>etiam</span> <span class='ocrx_word' id='word_1_43' title='bbox 1519 627 1743 672; x_wconf 85' lang='lat' dir='ltr'>confessa-</span> 
     </span>
     <span class='ocr_line' id='line_1_6' title="bbox 289 711 1739 765; baseline 0.001 -10"><span class='ocrx_word' id='word_1_44' title='bbox 289 712 478 765; x_wconf 87' lang='lat' dir='ltr'>riorum;</span> <span class='ocrx_word' id='word_1_45' title='bbox 525 718 573 756; x_wconf 94' lang='lat' dir='ltr'>ut</span> <span class='ocrx_word' id='word_1_46' title='bbox 619 711 924 765; x_wconf 78' lang='lat' dir='ltr'>oboedienter,</span> <span class='ocrx_word' id='word_1_47' title='bbox 971 713 1219 757; x_wconf 85' lang='lat' dir='ltr'>coniunctis</span> <span class='ocrx_word' id='word_1_48' title='bbox 1268 712 1424 756; x_wconf 89' lang='lat' dir='ltr'>animis</span> <span class='ocrx_word' id='word_1_49' title='bbox 1473 718 1517 757; x_wconf 93' lang='lat' dir='ltr'>et</span> <span class='ocrx_word' id='word_1_50' title='bbox 1555 713 1739 757; x_wconf 87' lang='lat' dir='ltr'>viribus.</span> 
     </span>
     <span class='ocr_line' id='line_1_7' title="bbox 289 796 1601 852; baseline 0.002 -12"><span class='ocrx_word' id='word_1_51' title='bbox 289 796 595 841; x_wconf 88' lang='lat' dir='ltr'>Coniunctioni</span> <span class='ocrx_word' id='word_1_52' title='bbox 617 796 743 841; x_wconf 89' lang='lat' dir='ltr'>obest</span> <span class='ocrx_word' id='word_1_53' title='bbox 763 797 973 851; x_wconf 89' lang='lat' dir='ltr'>proprius</span> <span class='ocrx_word' id='word_1_54' title='bbox 995 811 1134 851; x_wconf 89' lang='lat' dir='ltr'>amor,</span> <span class='ocrx_word' id='word_1_55' title='bbox 1159 798 1232 852; x_wconf 88' lang='lat' dir='ltr'>qui</span> <span class='ocrx_word' id='word_1_56' title='bbox 1255 797 1499 842; x_wconf 89' lang='lat' dir='ltr'>vincendus</span> <span class='ocrx_word' id='word_1_57' title='bbox 1521 804 1601 842; x_wconf 86' lang='lat' dir='ltr'>est.</span> 
     </span>
    </p>

    <p class='ocr_par' dir='ltr' id='par_1_3' title="bbox 179 881 1210 928">
     <span class='ocr_line' id='line_1_8' title="bbox 179 881 1210 928; baseline 0.001 -3"><span class='ocrx_word' id='word_1_58' title='bbox 179 881 247 926; x_wconf 89' lang='lat'>38.</span> <span class='ocrx_word' id='word_1_59' title='bbox 290 882 510 927; x_wconf 78' lang='lat' dir='ltr'>Laudatur</span> <span class='ocrx_word' id='word_1_60' title='bbox 530 882 779 927; x_wconf 90' lang='lat' dir='ltr'>Institutum</span> <span class='ocrx_word' id='word_1_61' title='bbox 801 897 825 926; x_wconf 90' lang='lat' dir='ltr'>a</span> <span class='ocrx_word' id='word_1_62' title='bbox 841 882 997 928; x_wconf 88' lang='lat' dir='ltr'>Christi</span> <span class='ocrx_word' id='word_1_63' title='bbox 1014 883 1210 927; x_wconf 88' lang='lat' dir='ltr'>Vicariis.</span> 
     </span>
    </p>

    <p class='ocr_par' dir='ltr' id='par_1_4' title="bbox 177 966 1742 1194">
     <span class='ocr_line' id='line_1_9' title="bbox 177 966 1742 1023; baseline 0.001 -12"><span class='ocrx_word' id='word_1_64' title='bbox 177 966 318 1012; x_wconf 74' lang='lat'>39-40.</span> <span class='ocrx_word' id='word_1_65' title='bbox 351 967 484 1012; x_wconf 88' lang='lat' dir='ltr'>Nobis</span> <span class='ocrx_word' id='word_1_66' title='bbox 503 968 755 1013; x_wconf 89' lang='lat' dir='ltr'>necessaria</span> <span class='ocrx_word' id='word_1_67' title='bbox 769 976 835 1013; x_wconf 88' lang='lat' dir='ltr'>est</span> <span class='ocrx_word' id='word_1_68' title='bbox 851 969 1044 1023; x_wconf 78' lang='lat' dir='ltr'>cognitio</span> <span class='ocrx_word' id='word_1_69' title='bbox 1067 969 1270 1013; x_wconf 89' lang='lat' dir='ltr'>Instituti.</span> <span class='ocrx_word' id='word_1_70' title='bbox 1293 969 1395 1013; x_wconf 90' lang='lat' dir='ltr'>Ideo</span> <span class='ocrx_word' id='word_1_71' title='bbox 1414 968 1601 1013; x_wconf 86' lang='lat' dir='ltr'>subinde</span> <span class='ocrx_word' id='word_1_72' title='bbox 1618 983 1742 1013; x_wconf 89' lang='lat' dir='ltr'>reco-</span> 
     </span>
     <span class='ocr_line' id='line_1_10' title="bbox 285 1053 1741 1109; baseline 0.002 -13"><span class='ocrx_word' id='word_1_73' title='bbox 285 1053 465 1098; x_wconf 90' lang='lat' dir='ltr'>lendum</span> <span class='ocrx_word' id='word_1_74' title='bbox 487 1059 570 1107; x_wconf 89' lang='lat' dir='ltr'>est,</span> <span class='ocrx_word' id='word_1_75' title='bbox 592 1068 753 1108; x_wconf 84' lang='lat' dir='ltr'>magna</span> <span class='ocrx_word' id='word_1_76' title='bbox 773 1054 1040 1107; x_wconf 87' lang='lat' dir='ltr'>reverentia,</span> <span class='ocrx_word' id='word_1_77' title='bbox 1064 1054 1160 1098; x_wconf 91' lang='lat' dir='ltr'>sine</span> <span class='ocrx_word' id='word_1_78' title='bbox 1180 1060 1508 1108; x_wconf 88' lang='lat' dir='ltr'>praeconcepta</span> <span class='ocrx_word' id='word_1_79' title='bbox 1530 1055 1741 1109; x_wconf 87' lang='lat' dir='ltr'>opinione</span> 
     </span>
     <span class='ocr_line' id='line_1_11' title="bbox 287 1138 1161 1194; baseline 0 -11"><span class='ocrx_word' id='word_1_80' title='bbox 287 1138 340 1183; x_wconf 88' lang='lat' dir='ltr'>ab</span> <span class='ocrx_word' id='word_1_81' title='bbox 359 1139 558 1194; x_wconf 85' lang='lat' dir='ltr'>exemplo</span> <span class='ocrx_word' id='word_1_82' title='bbox 582 1139 650 1183; x_wconf 86' lang='lat' dir='ltr'>vel</span> <span class='ocrx_word' id='word_1_83' title='bbox 671 1139 995 1184; x_wconf 91' lang='lat' dir='ltr'>consuetudine</span> <span class='ocrx_word' id='word_1_84' title='bbox 1011 1139 1161 1194; x_wconf 88' lang='lat' dir='ltr'>petita.</span> 
     </span>
    </p>

    <p class='ocr_par' dir='ltr' id='par_1_5' title="bbox 177 1224 1480 1281">
     <span class='ocr_line' id='line_1_12' title="bbox 177 1224 1480 1281; baseline 0.001 -13"><span class='ocrx_word' id='word_1_85' title='bbox 177 1224 245 1268; x_wconf 75' lang='lat'>41.</span> <span class='ocrx_word' id='word_1_86' title='bbox 288 1224 587 1269; x_wconf 87' lang='lat' dir='ltr'>Recolendum</span> <span class='ocrx_word' id='word_1_87' title='bbox 609 1231 677 1270; x_wconf 88' lang='lat' dir='ltr'>est</span> <span class='ocrx_word' id='word_1_88' title='bbox 697 1226 945 1270; x_wconf 83' lang='lat' dir='ltr'>[nstitutum</span> <span class='ocrx_word' id='word_1_89' title='bbox 968 1225 1113 1269; x_wconf 90' lang='lat' dir='ltr'>animo</span> <span class='ocrx_word' id='word_1_90' title='bbox 1130 1225 1172 1269; x_wconf 91' lang='lat' dir='ltr'>id</span> <span class='ocrx_word' id='word_1_91' title='bbox 1195 1225 1480 1281; x_wconf 87' lang='lat' dir='ltr'>exsequendi.</span> 
     </span>
    </p>

    <p class='ocr_par' dir='ltr' id='par_1_6' title="bbox 177 1311 1741 1525">
     <span class='ocr_line' id='line_1_13' title="bbox 177 1311 1738 1364; baseline 0.001 -10"><span class='ocrx_word' id='word_1_92' title='bbox 177 1311 317 1355; x_wconf 58' lang='lat' dir='ltr'>lia-44.</span> <span class='ocrx_word' id='word_1_93' title='bbox 352 1311 471 1356; x_wconf 90' lang='lat' dir='ltr'>Laeti</span> <span class='ocrx_word' id='word_1_94' title='bbox 501 1311 795 1356; x_wconf 84' lang='lat' dir='ltr'>exsecutionis</span> <span class='ocrx_word' id='word_1_95' title='bbox 826 1312 1011 1356; x_wconf 86' lang='lat' dir='ltr'>fructus.</span> <span class='ocrx_word' id='word_1_96' title='bbox 1047 1311 1231 1364; x_wconf 87' lang='lat' dir='ltr'>Quinam</span> <span class='ocrx_word' id='word_1_97' title='bbox 1252 1312 1319 1356; x_wconf 90' lang='lat' dir='ltr'>his</span> <span class='ocrx_word' id='word_1_98' title='bbox 1340 1312 1557 1356; x_wconf 88' lang='lat' dir='ltr'>fructibus</span> <span class='ocrx_word' id='word_1_99' title='bbox 1580 1311 1738 1356; x_wconf 88' lang='lat' dir='ltr'>obesse</span> 
     </span>
     <span class='ocr_line' id='line_1_14' title="bbox 285 1395 1741 1452; baseline 0.001 -12"><span class='ocrx_word' id='word_1_100' title='bbox 285 1395 474 1451; x_wconf 87' lang='lat' dir='ltr'>possint.</span> <span class='ocrx_word' id='word_1_101' title='bbox 506 1396 747 1440; x_wconf 80' lang='lat' dir='ltr'>iuvandum</span> <span class='ocrx_word' id='word_1_102' title='bbox 784 1402 852 1441; x_wconf 90' lang='lat' dir='ltr'>est</span> <span class='ocrx_word' id='word_1_103' title='bbox 887 1397 1168 1451; x_wconf 84' lang='lat' dir='ltr'>superiorum</span> <span class='ocrx_word' id='word_1_104' title='bbox 1198 1397 1242 1441; x_wconf 93' lang='lat' dir='ltr'>in</span> <span class='ocrx_word' id='word_1_105' title='bbox 1273 1397 1428 1452; x_wconf 87' lang='lat' dir='ltr'>regula</span> <span class='ocrx_word' id='word_1_106' title='bbox 1457 1398 1741 1452; x_wconf 83' lang='lat' dir='ltr'>exsequenda</span> 
     </span>
     <span class='ocr_line' id='line_1_15' title="bbox 289 1480 499 1525; baseline -0.014 0"><span class='ocrx_word' id='word_1_107' title='bbox 289 1480 499 1525; x_wconf 82' lang='lat' dir='ltr'>studium.</span> 
     </span>
    </p>

    <p class='ocr_par' dir='ltr' id='par_1_7' title="bbox 177 1565 1739 1781">
     <span class='ocr_line' id='line_1_16' title="bbox 177 1565 1739 1620; baseline 0.001 -11"><span class='ocrx_word' id='word_1_108' title='bbox 177 1565 318 1609; x_wconf 75' lang='grc'><strong>45-46.</strong></span> <span class='ocrx_word' id='word_1_109' title='bbox 351 1565 643 1620; x_wconf 84' lang='lat' dir='ltr'>Exsequenda</span> <span class='ocrx_word' id='word_1_110' title='bbox 663 1566 808 1619; x_wconf 87' lang='lat' dir='ltr'>etiam,</span> <span class='ocrx_word' id='word_1_111' title='bbox 835 1580 948 1620; x_wconf 86' lang='lat' dir='ltr'>quae</span> <span class='ocrx_word' id='word_1_112' title='bbox 971 1573 1073 1611; x_wconf 89' lang='lat' dir='ltr'>sunt</span> <span class='ocrx_word' id='word_1_113' title='bbox 1094 1573 1277 1612; x_wconf 86' lang='lat' dir='ltr'>naturae</span> <span class='ocrx_word' id='word_1_114' title='bbox 1304 1567 1471 1612; x_wconf 89' lang='lat' dir='ltr'>odiosa.</span> <span class='ocrx_word' id='word_1_115' title='bbox 1497 1567 1622 1620; x_wconf 86' lang='lat' dir='ltr'>Quod</span> <span class='ocrx_word' id='word_1_116' title='bbox 1643 1567 1739 1611; x_wconf 88' lang='lat' dir='ltr'>iure</span> 
     </span>
     <span class='ocr_line' id='line_1_17' title="bbox 288 1650 1736 1707; baseline 0.001 -13"><span class='ocrx_word' id='word_1_117' title='bbox 288 1650 452 1705; x_wconf 91' lang='lat' dir='ltr'>optimo</span> <span class='ocrx_word' id='word_1_118' title='bbox 487 1651 681 1706; x_wconf 88' lang='lat' dir='ltr'>postulat</span> <span class='ocrx_word' id='word_1_119' title='bbox 715 1651 934 1705; x_wconf 87' lang='lat' dir='ltr'>Societas;</span> <span class='ocrx_word' id='word_1_120' title='bbox 970 1652 1124 1696; x_wconf 87' lang='lat' dir='ltr'>suadet</span> <span class='ocrx_word' id='word_1_121' title='bbox 1159 1653 1288 1697; x_wconf 90' lang='lat' dir='ltr'>etiam</span> <span class='ocrx_word' id='word_1_122' title='bbox 1323 1659 1573 1707; x_wconf 87' lang='lat' dir='ltr'>temporum</span> <span class='ocrx_word' id='word_1_123' title='bbox 1609 1653 1736 1707; x_wconf 90' lang='lat' dir='ltr'>ratio,</span> 
     </span>
     <span class='ocr_line' id='line_1_18' title="bbox 287 1737 1038 1781; baseline 0.001 -1"><span class='ocrx_word' id='word_1_124' title='bbox 287 1750 377 1780; x_wconf 91' lang='lat' dir='ltr'>non</span> <span class='ocrx_word' id='word_1_125' title='bbox 399 1737 756 1780; x_wconf 91' lang='lat' dir='ltr'>indormiendum</span> <span class='ocrx_word' id='word_1_126' title='bbox 777 1751 876 1781; x_wconf 89' lang='lat' dir='ltr'>esse</span> <span class='ocrx_word' id='word_1_127' title='bbox 897 1737 1038 1781; x_wconf 85' lang='lat' dir='ltr'>malis.</span> 
     </span>
    </p>

    <p class='ocr_par' dir='ltr' id='par_1_8' title="bbox 176 1822 1739 2136">
     <span class='ocr_line' id='line_1_19' title="bbox 176 1822 1739 1879; baseline 0.002 -13"><span class='ocrx_word' id='word_1_128' title='bbox 176 1822 317 1867; x_wconf 73' lang='lat'>47-52.</span> <span class='ocrx_word' id='word_1_129' title='bbox 350 1822 642 1877; x_wconf 84' lang='lat' dir='ltr'>Exsequenda</span> <span class='ocrx_word' id='word_1_130' title='bbox 671 1823 716 1867; x_wconf 92' lang='lat' dir='ltr'>in</span> <span class='ocrx_word' id='word_1_131' title='bbox 736 1823 908 1878; x_wconf 87' lang='lat' dir='ltr'>primis,</span> <span class='ocrx_word' id='word_1_132' title='bbox 928 1838 1041 1878; x_wconf 84' lang='lat' dir='ltr'>quae</span> <span class='ocrx_word' id='word_1_133' title='bbox 1063 1825 1116 1868; x_wconf 88' lang='lat' dir='ltr'>ad</span> <span class='ocrx_word' id='word_1_134' title='bbox 1138 1825 1370 1879; x_wconf 90' lang='lat' dir='ltr'>proprium</span> <span class='ocrx_word' id='word_1_135' title='bbox 1393 1825 1600 1879; x_wconf 83' lang='lat' dir='ltr'>officium,</span> <span class='ocrx_word' id='word_1_136' title='bbox 1625 1839 1739 1879; x_wconf 88' lang='lat' dir='ltr'>quae</span> 
     </span>
     <span class='ocr_line' id='line_1_20' title="bbox 287 1908 1736 1965; baseline 0.002 -13"><span class='ocrx_word' id='word_1_137' title='bbox 287 1908 340 1952; x_wconf 91' lang='lat' dir='ltr'>ad</span> <span class='ocrx_word' id='word_1_138' title='bbox 360 1915 683 1963; x_wconf 81' lang='lat' dir='ltr'>paupertatem,</span> <span class='ocrx_word' id='word_1_139' title='bbox 702 1909 1042 1961; x_wconf 82' lang='lat' dir='ltr'>oboedientiam,</span> <span class='ocrx_word' id='word_1_140' title='bbox 1058 1910 1102 1954; x_wconf 91' lang='lat' dir='ltr'>in</span> <span class='ocrx_word' id='word_1_141' title='bbox 1120 1911 1339 1955; x_wconf 86' lang='lat' dir='ltr'>servanda</span> <span class='ocrx_word' id='word_1_142' title='bbox 1353 1911 1508 1965; x_wconf 80' lang='lat' dir='ltr'>regula</span> <span class='ocrx_word' id='word_1_143' title='bbox 1524 1911 1578 1956; x_wconf 92' lang='lat' dir='ltr'>de</span> <span class='ocrx_word' id='word_1_144' title='bbox 1600 1911 1736 1965; x_wconf 88' lang='lat' dir='ltr'>socio,</span> 
     </span>
     <span class='ocr_line' id='line_1_21' title="bbox 284 1993 1739 2051; baseline 0.003 -14"><span class='ocrx_word' id='word_1_145' title='bbox 284 1993 330 2037; x_wconf 91' lang='lat' dir='ltr'>in</span> <span class='ocrx_word' id='word_1_146' title='bbox 360 1993 684 2039; x_wconf 86' lang='lat' dir='ltr'>visitationibus</span> <span class='ocrx_word' id='word_1_147' title='bbox 713 2001 1014 2050; x_wconf 84' lang='lat' dir='ltr'>externorum,</span> <span class='ocrx_word' id='word_1_148' title='bbox 1047 1996 1294 2041; x_wconf 88' lang='lat' dir='ltr'>scribendis</span> <span class='ocrx_word' id='word_1_149' title='bbox 1325 1996 1523 2051; x_wconf 89' lang='lat' dir='ltr'>epistolis</span> <span class='ocrx_word' id='word_1_150' title='bbox 1554 2002 1598 2041; x_wconf 91' lang='lat' dir='ltr'>et</span> <span class='ocrx_word' id='word_1_151' title='bbox 1624 1996 1739 2041; x_wconf 86' lang='lat' dir='ltr'>clau-</span> 
     </span>
     <span class='ocr_line' id='line_1_22' title="bbox 287 2080 983 2136; baseline 0.001 -13"><span class='ocrx_word' id='word_1_152' title='bbox 287 2093 414 2133; x_wconf 85' lang='lat' dir='ltr'>sura3</span> <span class='ocrx_word' id='word_1_153' title='bbox 439 2086 483 2124; x_wconf 90' lang='lat' dir='ltr'>et</span> <span class='ocrx_word' id='word_1_154' title='bbox 498 2080 724 2125; x_wconf 89' lang='lat' dir='ltr'>caritatem</span> <span class='ocrx_word' id='word_1_155' title='bbox 740 2082 983 2136; x_wconf 89' lang='lat' dir='ltr'>pertinent.</span> 
     </span>
    </p>

    <p class='ocr_par' dir='ltr' id='par_1_9' title="bbox 175 2165 1739 2222">
     <span class='ocr_line' id='line_1_23' title="bbox 175 2165 1739 2222; baseline 0.003 -13"><span class='ocrx_word' id='word_1_156' title='bbox 175 2165 242 2209; x_wconf 86' lang='lat'>53.</span> <span class='ocrx_word' id='word_1_157' title='bbox 283 2165 496 2210; x_wconf 86' lang='lat' dir='ltr'>Malorum</span> <span class='ocrx_word' id='word_1_158' title='bbox 524 2166 769 2211; x_wconf 90' lang='lat' dir='ltr'>remedium</span> <span class='ocrx_word' id='word_1_159' title='bbox 798 2167 843 2212; x_wconf 93' lang='lat' dir='ltr'>in</span> <span class='ocrx_word' id='word_1_160' title='bbox 882 2168 1056 2222; x_wconf 84' lang='lat' dir='ltr'>legibus</span> <span class='ocrx_word' id='word_1_161' title='bbox 1086 2168 1265 2213; x_wconf 87' lang='lat' dir='ltr'>nostris.</span> <span class='ocrx_word' id='word_1_162' title='bbox 1309 2169 1453 2222; x_wconf 88' lang='lat' dir='ltr'>Quare</span> <span class='ocrx_word' id='word_1_163' title='bbox 1493 2169 1739 2213; x_wconf 89' lang='lat' dir='ltr'>servandae</span> 
     </span>
    </p>
   </div>
   <div class='ocr_carea' id='block_1_3' title="bbox 286 2252 1738 2381">
    <p class='ocr_par' dir='ltr' id='par_1_10' title="bbox 286 2252 1738 2381">
     <span class='ocr_line' id='line_1_24' title="bbox 286 2252 1738 2309; baseline 0.003 -15"><span class='ocrx_word' id='word_1_164' title='bbox 286 2264 441 2295; x_wconf 91' lang='lat' dir='ltr'>omnes</span> <span class='ocrx_word' id='word_1_165' title='bbox 479 2265 640 2306; x_wconf 81' lang='lat' dir='ltr'>magno</span> <span class='ocrx_word' id='word_1_166' title='bbox 675 2252 837 2297; x_wconf 89' lang='lat' dir='ltr'>animo.</span> <span class='ocrx_word' id='word_1_167' title='bbox 870 2253 1126 2308; x_wconf 87' lang='lat' dir='ltr'>Exemplum</span> <span class='ocrx_word' id='word_1_168' title='bbox 1156 2260 1400 2309; x_wconf 84' lang='lat' dir='ltr'>martyrum</span> <span class='ocrx_word' id='word_1_169' title='bbox 1436 2268 1517 2299; x_wconf 89' lang='lat' dir='ltr'>nos</span> <span class='ocrx_word' id='word_1_170' title='bbox 1547 2255 1738 2300; x_wconf 88' lang='lat' dir='ltr'>excitare</span> 
     </span>
     <span class='ocr_line' id='line_1_25' title="bbox 287 2336 434 2381; baseline -0.007 -2"><span class='ocrx_word' id='word_1_171' title='bbox 287 2336 434 2381; x_wconf 87' lang='lat' dir='ltr'>debet.</span> 
     </span>
    </p>
   </div>
   <div class='ocr_carea' id='block_1_4' title="bbox 212 2484 1703 2556">
    <p class='ocr_par' dir='ltr' id='par_1_11' title="bbox 212 2484 1703 2556">
     <span class='ocr_line' id='line_1_26' title="bbox 212 2484 1703 2556; baseline 0.005 -19"><span class='ocrx_word' id='word_1_172' title='bbox 212 2484 302 2538; x_wconf 92' lang='lat' dir='ltr'>III.</span> <span class='ocrx_word' id='word_1_173' title='bbox 326 2500 392 2538; x_wconf 83' lang='lat' dir='ltr'>AD</span> <span class='ocrx_word' id='word_1_174' title='bbox 413 2500 609 2538; x_wconf 81' lang='lat' dir='ltr'>PATRES</span> <span class='ocrx_word' id='word_1_175' title='bbox 635 2501 698 2538; x_wconf 85' lang='lat' dir='ltr'>ET</span> <span class='ocrx_word' id='word_1_176' title='bbox 726 2501 956 2540; x_wconf 77' lang='lat' dir='ltr'>FRATRES</span> <span class='ocrx_word' id='word_1_177' title='bbox 977 2501 1294 2555; x_wconf 77' lang='lat' dir='ltr'>soclETATlS,</span> <span class='ocrx_word' id='word_1_178' title='bbox 1323 2486 1389 2542; x_wconf 69' lang='lat'>29</span> <span class='ocrx_word' id='word_1_179' title='bbox 1409 2495 1543 2556; x_wconf 85' lang='lat' dir='ltr'>sept.</span> <span class='ocrx_word' id='word_1_180' title='bbox 1568 2487 1703 2543; x_wconf 86' lang='grc'>1888</span> 
     </span>
    </p>
   </div>
   <div class='ocr_carea' id='block_1_5' title="bbox 177 2605 1736 2762">
    <p class='ocr_par' dir='ltr' id='par_1_12' title="bbox 177 2605 1736 2762">
     <span class='ocr_line' id='line_1_27' title="bbox 256 2605 1659 2673; baseline 0.004 -15"><span class='ocrx_word' id='word_1_181' title='bbox 256 2605 333 2659; x_wconf 83' lang='lat' dir='ltr'>De</span> <span class='ocrx_word' id='word_1_182' title='bbox 358 2623 581 2660; x_wconf 74' lang='lat' dir='ltr'>munere</span> <span class='ocrx_word' id='word_1_183' title='bbox 600 2607 931 2673; x_wconf 76' lang='lat' dir='ltr'>provehendi</span> <span class='ocrx_word' id='word_1_184' title='bbox 956 2608 1163 2661; x_wconf 77' lang='lat' dir='ltr'>cultum</span> <span class='ocrx_word' id='word_1_185' title='bbox 1187 2607 1286 2662; x_wconf 87' lang='lat' dir='ltr'>SS.</span> <span class='ocrx_word' id='word_1_186' title='bbox 1320 2607 1511 2662; x_wconf 76' lang='lat' dir='ltr'>Cordis</span> <span class='ocrx_word' id='word_1_187' title='bbox 1535 2609 1659 2663; x_wconf 78' lang='lat' dir='ltr'>Iesu</span> 
     </span>
     <span class='ocr_line' id='line_1_28' title="bbox 177 2703 1736 2762; baseline 0.003 -4"><span class='ocrx_word' id='word_1_188' title='bbox 177 2703 431 2758; x_wconf 80' lang='lat' dir='ltr'>Societati</span> <span class='ocrx_word' id='word_1_189' title='bbox 462 2710 673 2758; x_wconf 75' lang='lat' dir='ltr'>nostrae</span> <span class='ocrx_word' id='word_1_190' title='bbox 698 2704 896 2759; x_wconf 79' lang='lat' dir='ltr'>abhinc</span> <span class='ocrx_word' id='word_1_191' title='bbox 932 2705 1136 2760; x_wconf 78' lang='lat' dir='ltr'>duobus</span> <span class='ocrx_word' id='word_1_192' title='bbox 1162 2707 1392 2761; x_wconf 77' lang='lat' dir='ltr'>saeculis</span> <span class='ocrx_word' id='word_1_193' title='bbox 1416 2709 1736 2762; x_wconf 80' lang='lat' dir='ltr'>demandato</span> 
     </span>
    </p>
   </div>
   <div class='ocr_carea' id='block_1_6' title="bbox 604 2813 1314 2884">
    <p class='ocr_par' dir='ltr' id='par_1_13' title="bbox 604 2813 1314 2884">
     <span class='ocr_line' id='line_1_29' title="bbox 604 2813 1314 2884; baseline 0.008 -18"><span class='ocrx_word' id='word_1_194' title='bbox 604 2813 776 2881; x_wconf 76' lang='lat' dir='ltr'>&lt;Tom.</span> <span class='ocrx_word' id='word_1_195' title='bbox 820 2814 902 2882; x_wconf 89' lang='lat' dir='ltr'>IV,</span> <span class='ocrx_word' id='word_1_196' title='bbox 944 2833 1034 2884; x_wconf 90' lang='lat' dir='ltr'>pp.</span> <span class='ocrx_word' id='word_1_197' title='bbox 1076 2815 1314 2884; x_wconf 75' lang='lat'>95-116.)</span> 
     </span>
    </p>
   </div>
   <div class='ocr_carea' id='block_1_7' title="bbox 202 2961 1736 3021">
    <p class='ocr_par' dir='ltr' id='par_1_14' title="bbox 202 2961 1736 3021">
     <span class='ocr_line' id='line_1_30' title="bbox 202 2961 1736 3021; baseline 0.003 -16"><span class='ocrx_word' id='word_1_198' title='bbox 202 2962 241 3005; x_wconf 85' lang='lat'>1.</span> <span class='ocrx_word' id='word_1_199' title='bbox 285 2961 503 3007; x_wconf 85' lang='lat' dir='ltr'>Immensa</span> <span class='ocrx_word' id='word_1_200' title='bbox 523 2969 626 3007; x_wconf 90' lang='lat' dir='ltr'>sunt</span> <span class='ocrx_word' id='word_1_201' title='bbox 642 2962 718 3007; x_wconf 88' lang='lat' dir='ltr'>Dei</span> <span class='ocrx_word' id='word_1_202' title='bbox 733 2963 948 3009; x_wconf 82' lang='lat' dir='ltr'>beneficia</span> <span class='ocrx_word' id='word_1_203' title='bbox 964 2965 1120 3010; x_wconf 88' lang='lat' dir='ltr'>collata</span> <span class='ocrx_word' id='word_1_204' title='bbox 1136 2966 1266 3010; x_wconf 91' lang='lat' dir='ltr'>etiam</span> <span class='ocrx_word' id='word_1_205' title='bbox 1287 2967 1332 3010; x_wconf 92' lang='lat' dir='ltr'>in</span> <span class='ocrx_word' id='word_1_206' title='bbox 1355 2967 1556 3011; x_wconf 88' lang='lat' dir='ltr'>homines</span> <span class='ocrx_word' id='word_1_207' title='bbox 1577 2967 1736 3021; x_wconf 83' lang='lat' dir='ltr'>gratia-</span> 
     </span>
    </p>
   </div>
   <div class='ocr_carea' id='block_1_8' title="bbox 284 3049 1735 3175">
    <p class='ocr_par' dir='ltr' id='par_1_15' title="bbox 284 3049 1735 3175">
     <span class='ocr_line' id='line_1_31' title="bbox 284 3049 1735 3109; baseline 0.005 -17"><span class='ocrx_word' id='word_1_208' title='bbox 284 3063 382 3093; x_wconf 90' lang='lat' dir='ltr'>rum</span> <span class='ocrx_word' id='word_1_209' title='bbox 417 3049 715 3094; x_wconf 88' lang='lat' dir='ltr'>immemores.</span> <span class='ocrx_word' id='word_1_210' title='bbox 749 3050 978 3097; x_wconf 87' lang='lat' dir='ltr'>Beneficiis</span> <span class='ocrx_word' id='word_1_211' title='bbox 1008 3067 1124 3098; x_wconf 89' lang='lat' dir='ltr'>nova</span> <span class='ocrx_word' id='word_1_212' title='bbox 1151 3067 1329 3109; x_wconf 89' lang='lat' dir='ltr'>semper</span> <span class='ocrx_word' id='word_1_213' title='bbox 1372 3053 1492 3099; x_wconf 88' lang='lat' dir='ltr'>addit</span> <span class='ocrx_word' id='word_1_214' title='bbox 1520 3054 1735 3099; x_wconf 86' lang='lat' dir='ltr'>beneficia</span> 
     </span>
     <span class='ocr_line' id='line_1_32' title="bbox 285 3130 417 3175; baseline 0.015 -2"><span class='ocrx_word' id='word_1_215' title='bbox 285 3130 417 3175; x_wconf 90' lang='lat' dir='ltr'>Deus.</span> 
     </span>
    </p>
   </div>
   <div class='ocr_carea' id='block_1_9' title="bbox 201 3214 1734 3276">
    <p class='ocr_par' dir='ltr' id='par_1_16' title="bbox 201 3214 1734 3276">
     <span class='ocr_line' id='line_1_33' title="bbox 201 3214 1734 3276; baseline 0.005 -17"><span class='ocrx_word' id='word_1_216' title='bbox 201 3216 242 3259; x_wconf 73' lang='lat'>2.</span> <span class='ocrx_word' id='word_1_217' title='bbox 283 3214 368 3261; x_wconf 90' lang='lat' dir='ltr'>Cor</span> <span class='ocrx_word' id='word_1_218' title='bbox 394 3216 570 3261; x_wconf 91' lang='lat' dir='ltr'>tandem</span> <span class='ocrx_word' id='word_1_219' title='bbox 601 3231 727 3262; x_wconf 92' lang='lat' dir='ltr'>suum</span> <span class='ocrx_word' id='word_1_220' title='bbox 760 3219 953 3264; x_wconf 83' lang='lat' dir='ltr'>exhibuit</span> <span class='ocrx_word' id='word_1_221' title='bbox 972 3220 1238 3275; x_wconf 81' lang='lat' dir='ltr'>hominihuS,</span> <span class='ocrx_word' id='word_1_222' title='bbox 1262 3234 1435 3275; x_wconf 87' lang='lat' dir='ltr'>nosque</span> <span class='ocrx_word' id='word_1_223' title='bbox 1455 3221 1627 3276; x_wconf 76' lang='lat' dir='ltr'>edocet,</span> <span class='ocrx_word' id='word_1_224' title='bbox 1649 3220 1734 3266; x_wconf 91' lang='lat' dir='ltr'>Cor</span> 
     </span>
    </p>
   </div>
  </div>
 </body>
</html>
