2315 3559
518 216 620 274 450
1140 235 1248 272 MAR
1273 250 1339 255 -
1362 234 1469 271 MED

520 381 633 436 154),
671 387 715 426 et
747 381 981 426 retinenda
1014 395 1121 425 vera
1141 380 1211 434 (ΙΙ,
1232 379 1327 424 495.
1351 379 1412 424 Cf.
1438 380 1470 432 l,
1496 377 1695 432 101-103)
1732 392 1846 433 quae
1881 379 2087 434 apprime

520 467 705 512 discitur
725 482 749 512 a
771 467 843 512 SS.
867 466 1009 512 Corde
1032 468 1132 511 lesu
1153 466 1245 520 (ΙΙΙ,
1271 467 1356 515 17).

576 605 759 650 MARIA
779 604 1019 649 DEIPARA
1039 603 1207 648 VIRGO
1229 609 1272 647 et
1292 603 1513 657 virginum
1548 603 1730 655 Parens,
1753 602 1799 646 in
1820 601 1945 646 cuius
1968 608 2089 646 casto

521 690 622 735 sinu
656 696 758 735 nata
793 696 860 734 est
894 695 938 733 et
972 688 1113 733 crevit
1147 688 1342 733 Societas
1365 688 1417 742 (l,
1441 687 1555 742 391),
1578 688 1623 731 in
1647 687 1896 742 exemplum
1931 687 2092 732 citatur

522 775 901 820 subordinationis
914 775 965 828 (Ι,
980 774 1052 828 20)
1066 780 1109 819 et
1128 774 1404 829 paupertatis
1418 774 1470 828 (Ι,
1486 773 1599 828 453).
1618 773 1861 828 Praecipua
1874 773 2092 827 religione

522 877 573 908 ac
593 864 757 918 pietate
781 862 909 906 nobis
932 861 1119 906 colenda
1135 867 1203 906 est
1217 862 1268 915 (I,
1294 862 1389 913 180,
1409 861 1504 906 469.
1526 861 1577 915 ΙΙ,
1597 861 1691 906 420.
1712 860 1785 914 ΙΙΙ,
1804 860 1919 914 224),
1938 866 2091 915 utpote

523 949 656 1003 digna
677 954 721 993 et
743 962 822 992 suo
855 961 937 992 nos
966 953 1175 1002 potenter
1202 947 1406 992 adiutura
1432 946 1681 1001 patrocinio
1704 945 1755 999 (I,
1781 946 1875 999 181,
1900 945 1994 999 182,
2019 945 2091 999 Ill,

524 1034 636 1088 183).
662 1034 764 1078 Eius
786 1033 1081 1088 patrocinium
1103 1033 1294 1077 fidenter
1313 1032 1638 1087 implorandum
1662 1032 1734 1086 (ΙΙ,
1756 1031 1852 1085 259,
1876 1031 1972 1085 260,
1996 1031 2092 1085 297,

523 1122 618 1166 472.
644 1122 716 1175 ΙΙΙ,
735 1121 830 1174 237,
851 1121 964 1174 297).
987 1121 1071 1165 Per
1086 1121 1227 1175 ipsam
1250 1120 1368 1164 enim
1390 1119 1643 1164 accedimus
1661 1119 1714 1163 ad
1737 1118 1882 1163 Iesum
1900 1118 1973 1172 (ΙΙ,
1993 1118 2089 1172 383,

523 1209 619 1254 455.
645 1210 696 1263 ΙΙ,
719 1208 788 1262 24,
811 1207 926 1262 223),
950 1214 994 1252 et
1013 1207 1209 1252 Societas
1233 1220 1280 1251 se
1302 1212 1437 1251 totam
1461 1220 1560 1251 esse
1593 1205 1755 1250 Mariae
1787 1219 1967 1260 semper
1993 1219 2095 1260 pro-

524 1295 657 1346 fessa,
680 1294 928 1338 mirabilem
946 1293 1000 1337 ab
1019 1293 1091 1337 illa
1107 1307 1238 1348 opem
1264 1306 1354 1336 non
1378 1292 1515 1337 semel
1537 1298 1720 1346 experta
1740 1296 1808 1336 est
1828 1291 1919 1346 (III,
1942 1291 2009 1342 25,
2024 1290 2093 1335 26.

524 1381 585 1426 Cf.
611 1382 663 1435 ΙΙ,
686 1381 800 1435 259).
822 1381 885 1425 Ad
901 1381 1018 1424 hunc
1041 1380 1174 1423 finem
1199 1379 1416 1433 quaedam
1437 1378 1706 1433 praestanda
1727 1377 2098 1432 praescribuntur

525 1468 577 1522 (Ι,
602 1468 697 1513 288.
724 1467 775 1520 ΙΙ,
801 1467 895 1517 259,
915 1466 1012 1520 260,
1035 1465 1130 1519 266,
1154 1465 1250 1519 274,
1273 1465 1370 1518 275,
1395 1464 1507 1518 180),
1541 1464 1770 1519 speciatim
1799 1463 1843 1507 in
1878 1463 2096 1508 honorem

527 1555 622 1599 eius
643 1552 871 1608 purissimi
892 1551 1046 1597 Cordis
1067 1552 1160 1605 (ΙΙΙ,
1183 1550 1251 1604 26,
1277 1551 1363 1604 27).

587 1668 905 1744 MARTYRES,
930 1690 1005 1745 qui
1026 1690 1158 1734 vitam
1179 1703 1262 1744 pro
1284 1688 1454 1734 Christo
1478 1694 1522 1733 et
1543 1688 1803 1742 sanguinem
1833 1688 2025 1734 fundunt
2045 1702 2097 1733 ex

529 1778 660 1822 unico
694 1777 897 1832 placendi
922 1776 1009 1821 Deo
1032 1776 1298 1830 divinaeque
1330 1775 1498 1830 gloriae
1528 1775 1845 1830 propagandae
1878 1775 2098 1820 desiderio

530 1865 601 1919 (ΙΙ,
626 1864 738 1918 147),
774 1863 1023 1917 exemplum
1058 1862 1186 1906 nobis
1217 1862 1439 1916 praebent
1465 1861 1736 1906 fortitudinis
1757 1861 1801 1905 in
1824 1861 2100 1907 subiectione

530 1952 583 2007 (Ι,
606 1951 675 2004 24,
698 1951 792 2001 417,
814 1950 908 1994 418.
935 1949 1003 2003 lV,
1025 1949 1097 2003 27)
1119 1955 1163 1993 et
1183 1949 1227 1993 in
1250 1949 1450 1993 adversis
1482 1948 1725 1993 tolerandis
1747 1948 1839 2002 (ΙΙΙ,
1864 1948 1959 2001 112,
1984 1948 2096 2002 129).

533 2038 652 2093 quod
684 2038 871 2081 maxime
904 2037 1148 2091 gloriosum
1181 2035 1265 2080 erit
1295 2036 1455 2079 imitari
1477 2035 1548 2089 (ΙΙ,
1573 2035 1685 2089 463),
1708 2035 1821 2080 sicut
1842 2036 1924 2079 iam
1948 2035 2101 2090 plures

533 2125 762 2170 Societatis
794 2124 868 2168 filii
902 2123 1055 2167 imitati
1086 2128 1189 2167 sunt
1220 2122 1292 2176 (ΙΙ,
1315 2122 1411 2175 295,
1436 2121 1531 2175 391,
1556 2121 1651 2166 392.
1677 2121 1749 2175 ΙΙΙ,
1774 2121 1867 2172 172,
1889 2121 1984 2174 194,
2008 2120 2102 2172 213,

533 2212 646 2265 214).
673 2210 929 2265 Martyrium
955 2215 1155 2254 nostrum
1184 2208 1467 2253 incruentum
1489 2208 1532 2252 in
1567 2222 1654 2262 quo
1686 2208 1880 2262 positum
1901 2207 1988 2262 (IV.
2013 2207 2099 2262 29).

591 2347 897 2392 MEDI'I'ATIO
930 2346 1090 2390 cotidie
1130 2345 1346 2399 facienda,
1370 2345 1503 2390 etiam
1532 2345 1824 2390 missionariis
1865 2345 1916 2399 (Ι,
1940 2343 2033 2399 53);
2056 2350 2105 2389 ut

537 2434 572 2478 si
602 2447 690 2488 quo
719 2433 812 2477 fors
841 2446 947 2476 casu
975 2431 1140 2486 aliquid
1173 2431 1232 2475 illi
1255 2431 1515 2485 decesserit,
1542 2445 1672 2485 quam
1705 2430 1897 2485 primum
1929 2430 2103 2484 integre

537 2519 861 2564 restituendum
885 2518 940 2562 sit
960 2517 1011 2571 (I,
1034 2516 1147 2571 437).
1173 2516 1445 2569 Quibusnam
1467 2516 1762 2571 proponenda
1783 2522 1827 2560 et
1847 2515 2105 2570 explicanda

539 2605 699 2649 cotidie
739 2603 1036 2648 meditationis
1068 2603 1252 2647 materia
1290 2602 1361 2656 (ΙΙ,
1389 2602 1499 2654 161).
1525 2601 1755 2655 Quomodo
1784 2601 2103 2655 invigilandum

539 2698 587 2736 ut
619 2690 723 2734 nihil
752 2690 805 2734 de
835 2695 1049 2733 consueto
1083 2695 1285 2743 tempore
1314 2688 1570 2733 detrahatur
1600 2688 1671 2742 (ΙΙ,
1697 2687 1908 2741 161-163).
1935 2687 2105 2740 Quanta

540 2776 743 2821 mentalis
776 2775 988 2820 orationis
1021 2775 1264 2819 necessitas
1297 2781 1340 2818 et
1372 2775 1540 2818 fructus
1573 2774 1624 2827 (l,
1647 2773 1806 2827 81-84).
1831 2773 1873 2817 Si
1902 2786 1975 2817 res
1997 2772 2106 2816 diffi-

541 2864 636 2908 cilis
671 2868 753 2916 est,
791 2862 962 2906 facilem
1000 2862 1156 2905 reddet
1195 2875 1321 2906 amor
1354 2861 1406 2915 (l,
1444 2861 1567 2914 438);
1606 2866 1650 2905 et
1689 2860 1855 2904 idcirco
1891 2859 2104 2904 habemus

541 2949 822 3005 Superiores,
845 2948 1058 2992 habemus
1081 2953 1124 2991 et
1158 2947 1409 2991 Praefectos
1442 2946 1734 3001 spiritualium
1767 2960 1917 2990 rerum
1940 2946 1991 2999 (I,
2016 2945 2103 2999 85).

544 3035 696 3090 Neque
718 3034 828 3078 adeo
862 3032 1036 3077 difficile
1069 3038 1136 3076 est
1157 3033 1289 3076 animi
1322 3032 1551 3076 facultates
1585 3037 1707 3075 certo
1742 3036 1917 3075 servato
1950 3030 2105 3074 ordine

545 3121 598 3165 ad
620 3121 828 3165 veritates
850 3119 949 3163 fidei
967 3119 1167 3172 cognitas
1188 3118 1411 3172 applicare
1432 3118 1503 3171 (ΙΙ,
1521 3117 1633 3169 373).
1654 3117 1807 3161 Cetera
1824 3116 1914 3161 vid.
1935 3116 2102 3161 Oratio.
