2315 3559
958 241 1055 278 TEP
1684 226 1784 280 493

231 394 430 442 teporem
455 392 646 441 arguunt
668 391 984 430 enumerantur
1015 385 1136 428 varia
1164 386 1215 438 (Ι,
1240 385 1332 435 119,
1358 384 1468 438 120).
1494 385 1628 437 Quem
1653 386 1784 429 animi

231 479 428 526 teporem
464 479 511 516 ut
544 472 708 515 nullum
744 485 950 524 umquam
987 470 1265 513 admittamus
1301 470 1350 523 (l,
1394 470 1452 522 5),
1495 470 1783 513 convertendi

231 557 343 600 oculi
376 558 419 600 in
454 557 580 600 huius
615 555 931 610 turpitudinem
960 562 1002 599 et
1035 555 1287 599 foeditatem
1323 555 1373 606 (l,
1410 554 1522 607 303),
1557 568 1710 598 causas
1742 561 1785 599 et

228 643 398 686 radices
420 643 470 695 (Ι,
495 642 608 695 305),
632 641 822 694 denique
844 641 1040 685 remedia
1062 640 1112 693 (I,
1138 641 1246 693 127).

283 729 540 772 Damnosus
560 733 690 780 tepor
710 732 777 769 est
800 741 808 769 :
833 728 875 769 10
890 726 996 779 ipsis
1014 726 1187 780 tepidis,
1208 739 1259 769 eo
1279 725 1397 778 quod
1415 725 1649 779 privantur
1669 725 1785 769 sruc-

229 814 343 858 tibus
367 814 553 857 ¹fervoris
580 812 630 865 (I,
663 812 702 861 6,
738 813 774 855 7.
800 812 861 855 Cf.
898 813 927 862 1,
966 813 1053 859 141,
1084 812 1172 855 142.
1197 811 1248 863 ΙΙ,
1281 810 1375 862 235,
1400 810 1519 862 236);
1553 835 1606 840 -
1626 811 1783 854 merito

228 897 434 941 dicuntur
454 896 625 940 steriles
647 895 698 949 (Ι,
721 895 806 947 64),
831 895 950 938 avari
973 902 1016 938 et
1042 895 1203 948 ingrati
1234 895 1323 938 Deo
1354 894 1404 946 (Ι,
1430 894 1522 943 137,
1550 894 1640 938 138.
1664 893 1725 938 Cf.
1752 894 1782 946 l,

227 981 353 1033 303);
390 1006 442 1010 ——
475 981 599 1034 quasi
636 981 792 1024 hectici
831 980 986 1023 febrim
1022 993 1109 1023 non
1141 980 1335 1023 sentiunt
1363 985 1406 1022 et
1434 978 1592 1022 cotidie
1622 978 1782 1032 aliquid

228 1068 419 1122 perdunt
440 1068 489 1120 (Ι,
515 1067 609 1112 304.
635 1068 695 1111 Cf.
723 1068 753 1117 l,
780 1067 872 1110 124.
899 1068 949 1116 ΙΙ,
974 1067 1065 1117 60);
1094 1091 1148 1096 —
1175 1067 1329 1110 ruinae
1352 1065 1565 1120 spirituali
1587 1080 1633 1109 se
1655 1079 1785 1119 expo-

228 1159 340 1197 nunt
360 1153 411 1206 (l,
438 1152 531 1205 125,
556 1152 649 1204 304,
673 1152 786 1205 305).

280 1239 323 1282 2Ο
354 1238 557 1282 Internae
580 1239 713 1291 quieti
747 1244 790 1282 et
821 1237 1055 1289 sanctitati,
1088 1251 1217 1291 quam
1240 1236 1489 1291 tepidorum
1512 1236 1782 1280 consortium

226 1323 492 1367 interturbat
522 1324 593 1376 (ΙΙ,
633 1323 721 1375 139,
756 1324 846 1366 141.
881 1323 941 1366 Cf.
973 1323 1004 1373 Ι,
1035 1323 1102 1365 61.
1133 1322 1185 1375 ΙΙ,
1217 1322 1311 1374 228,
1341 1322 1436 1365 245.
1474 1322 1543 1374 ΙΙΙ,
1567 1322 1637 1374 34)
1663 1336 1671 1364 ;
1696 1336 1782 1375 quo

226 1410 382 1453 morbo
424 1424 521 1453 cum
561 1409 687 1463 plura
723 1409 920 1452 membra
960 1408 1176 1459 laborant,
1219 1408 1314 1451 lieri
1356 1422 1444 1451 non
1484 1414 1630 1461 potest
1678 1408 1783 1461 quin

228 1500 364 1539 totum
398 1508 560 1548 corpus
590 1500 792 1547 aegrotet
821 1494 872 1547 (Ι,
905 1494 997 1537 184.
1033 1494 1084 1545 ΙΙ,
1117 1493 1237 1545 228);
1272 1499 1315 1536 et
1344 1492 1445 1536 licet
1474 1493 1517 1536 in
1551 1505 1785 1536 numerosa

228 1580 549 1633 Religiosorum
579 1579 755 1631 familia,
781 1579 978 1623 nonnulli
1010 1578 1145 1632 tepidi
1177 1577 1500 1631 quodammodo
1534 1577 1783 1621 necessario

228 1666 524 1719 inveniantur,
548 1670 852 1709 verumtamen
876 1679 953 1708 vae
975 1664 1057 1708 illis
1074 1664 1144 1717 (ΙΙ,
1167 1663 1289 1716 283)1

281 1752 324 1795 30
369 1753 513 1795 Bonae
560 1751 867 1795 existimationi
908 1751 1022 1805 apud
1068 1756 1290 1801 externos,
1335 1750 1404 1793 cui
1446 1749 1559 1793 idem
1600 1750 1785 1802 derogat

226 1838 297 1890 (ll,
324 1838 416 1889 141,
443 1837 535 1889 182,
559 1836 654 1889 228,
678 1836 772 1879 246.
797 1835 857 1879 Cf.
876 1836 927 1889 ΙΙ,
954 1835 1146 1878 111-113.
1173 1834 1243 1887 ΙΙΙ,
1272 1834 1380 1887 179),
1404 1835 1513 1877 adeo
1535 1840 1583 1878 ut
1602 1834 1783 1878 alicuius

227 1938 249 1966 e
271 1922 486 1966 Societate
508 1921 659 1965 vitium
683 1927 725 1965 et
746 1921 890 1975 culpa,
915 1920 1107 1974 alioquin
1128 1934 1210 1974 per
1231 1934 1277 1964 se
1298 1920 1410 1973 leve,
1445 1920 1782 1963 conversionem

226 2015 369 2052 tamen
405 2008 614 2062 impediat
644 2007 919 2060 salutemque
950 2006 1187 2050 multorum
1218 2006 1267 2058 (Ι,
1306 2006 1414 2057 129).
1448 2006 1509 2049 De
1540 2005 1782 2049 innumeris

224 2094 318 2138 istis
339 2093 630 2137 incommodis
651 2092 938 2147 pertractavit
960 2091 1002 2134 P.
1027 2091 1229 2135 Claudius
1256 2091 1300 2134 in
1330 2090 1440 2134 libro
1464 2090 1779 2134 Industriarum

230 2178 413 2231 (1,305).

281 2264 456 2307 Causae
485 2263 652 2316 teporis
684 2262 845 2306 multae
867 2266 968 2305 sunt
988 2267 1032 2304 et
1053 2261 1287 2304 intestinae
1309 2260 1358 2313 (Ι,
1386 2259 1481 2312 126)
1506 2274 1515 2302 z
1539 2273 1662 2302 amor
1681 2273 1782 2313 pro-

224 2348 368 2401 prius3
393 2347 651 2401 passionum
673 2346 854 2389 rebellio
878 2352 920 2389 et
940 2345 1168 2389 conflictus
1190 2346 1239 2397 (Ι,
1263 2345 1383 2397 305);
1416 2345 1577 2387 horror
1602 2344 1782 2387 difficul-

226 2433 345 2481 tatis;
377 2432 646 2475 desiderium
678 2445 826 2475 rerum
857 2431 1069 2481 facilium3
1103 2430 1347 2473 voluntaria
1379 2429 1524 2473 cordis
1556 2429 1776 2482 evagatio;

225 2517 423 2561 desectus
464 2517 675 2560 orationis
712 2515 791 2569 (Cf.
833 2517 884 2569 ll,
927 2516 1037 2567 181),
1082 2515 1361 2568 neglegentia
1396 2514 1629 2563 exa1ninis;
1673 2514 1777 2568 quin

225 2603 356 2646 immo
375 2603 469 2656 ipse
491 2616 697 2646 excessus
719 2602 906 2645 fervoris
928 2601 1050 2645 initio
1073 2601 1377 2644 conversionis
1398 2600 1449 2653 (Ι,
1471 2600 1583 2652 260).

279 2688 492 2734 Remedia
515 2694 616 2732 sunt
640 2702 649 2730 z
673 2687 848 2731 assiduo
872 2687 1014 2731 studio
1036 2687 1113 2730 has
1134 2686 1300 2740 teporis
1322 2686 1492 2729 radices
1512 2686 1777 2729 mortificare

224 2775 274 2827 (l,
300 2774 392 2827 127,
416 2774 534 2827 305);
558 2799 611 2803 -
633 2774 748 2817 serio
771 2779 814 2817 et
842 2787 922 2827 per
948 2773 1129 2816 multum
1159 2772 1372 2825 temporis
1392 2771 1593 2815 meditari
1615 2777 1775 2825 quanta

225 2860 491 2913 obligatione
514 2859 710 2903 obstricti
746 2859 882 2902 simus
903 2858 992 2901 Deo
1014 2872 1096 2911 per
1117 2857 1262 2901 omnia
1282 2856 1581 2910 respondendi
1603 2857 1652 2909 (l,
1677 2856 1774 2909 306)

225 2945 578 2989 consideratione
615 2945 860 2988 divinarum
891 2944 1214 2998 perfectionum
1245 2943 1296 2996 (l,
1333 2943 1551 2995 306-325);
1582 2967 1635 2972 —
1670 2944 1775 2987 coti-

225 3031 353 3074 diana
372 3031 531 3074 mentis
553 3030 780 3073 renovatio
803 3030 854 3082 (l,
880 3029 990 3082 128).

280 3116 505 3167 Quomodo
538 3121 681 3159 autem
713 3115 973 3168 Superiores
996 3114 1269 3158 subditorum
1300 3128 1476 3158 suorum
1500 3114 1772 3158 infirmitates

225 3207 383 3244 curent
403 3200 454 3253 (Ι,
482 3200 571 3251 107,
596 3200 691 3252 184)
717 3213 725 3242 ;
749 3199 838 3242 rid.
864 3199 1142 3254 Superiores.
1166 3199 1325 3243 Cetera
1340 3199 1428 3242 vid.
1452 3199 1635 3243 Pervor.
