2315 3559
189 887 230 1187 §.casae

188 1228 228 1272 90

188 1400 228 1444 9.

162 1485 228 1530 10.

160 1657 225 1700 11.

484 234 531 272 R.
575 234 621 271 P.
662 233 715 271 N.
758 231 1025 271 FRANciscl
1064 232 1398 273 Plccominm
1624 221 1715 276 371

277 376 414 429 Deus;
465 375 542 420 sed
581 375 901 420 architecturae
949 376 1276 421 exsecutionem
1319 377 1446 421 nohis
1491 379 1723 432 commisit,

278 476 408 516 quem
439 461 493 505 ad
521 461 700 506 modum
722 461 929 506 Israelitis
957 462 1168 506 fabricam
1189 462 1477 508 Tabernaculi
1502 470 1546 508 et
1574 465 1724 519 templi

274 546 532 591 Salomonis.
575 546 783 601 Urgenda
820 547 955 601 igitur
1001 548 1313 602 Superioribus
1363 549 1725 593 constitutionum

275 632 517 676 exsecutio.

221 749 230 758 .
272 716 321 760 In
342 717 583 762 candidatis
617 717 915 762 examinandis
937 724 981 762 et
1001 718 1281 763 admittendis
1317 732 1432 773 quae
1466 731 1574 763 cura
1607 718 1725 763 adhi-

272 801 432 846 benda.
456 802 761 857 Distinguendi
785 803 983 848 defectus
1005 804 1160 848 aetatis
1183 810 1226 848 et
1248 810 1446 848 naturae.

274 888 503 942 Ingenium
525 894 569 932 et
588 888 792 933 valetudo
816 895 1033 943 quatenus
1056 890 1310 945 spectanda.

273 973 442 1026 Ingenii
463 973 683 1018 defectum
706 973 972 1028 quandoque
999 988 1290 1029 compensare
1321 981 1468 1030 potest
1487 974 1722 1019 humilitas.

272 1057 553 1103 Noviciorum
574 1059 788 1104 institutio
812 1060 967 1114 qualis.

270 1143 549 1188 Noviciorum
569 1144 800 1199 probanda
821 1145 1008 1189 vocatio.

271 1228 437 1273 Novicii
471 1243 496 1273 a
525 1229 732 1284 Magistro
763 1230 875 1274 lacte
905 1230 1092 1284 alantur,
1115 1230 1248 1285 idque
1279 1230 1431 1275 sedulo
1463 1236 1506 1275 et
1527 1229 1716 1275 assidue.

271 1314 352 1367 Qui
368 1329 458 1359 non
479 1322 582 1360 sunt
601 1316 764 1370 idonei,
788 1316 1078 1360 dimittantur.

270 1400 394 1444 Ratio
416 1401 660 1445 dimittendi
683 1402 894 1446 novicios.
919 1402 1127 1446 Remedia
1147 1402 1272 1457 prius
1293 1401 1553 1447 adhibenda.

271 1485 439 1530 Fervor
467 1487 743 1532 noviciorum
773 1487 990 1532 fovendus
1020 1494 1064 1532 et
1091 1488 1438 1542 promovendus.
1463 1487 1721 1542 Corrigendi

271 1578 472 1616 errantes
497 1587 506 1616 :
526 1579 569 1617 et
591 1573 845 1627 quomodo?

269 1657 317 1700 In
338 1658 708 1712 reprehendendo
731 1659 816 1703 duo
839 1666 1035 1703 extrema
1056 1660 1266 1704 cavenda.

162 1743 299 1788 12-13.
325 1744 373 1788 In
395 1745 680 1801 scholasticis,
705 1746 839 1791 ardor
866 1747 912 1790 in
934 1747 1087 1791 studiis
1108 1747 1347 1801 fovendus3
1380 1747 1425 1791 in
1461 1761 1547 1802 quo
1579 1747 1720 1792 errari

268 1838 417 1886 potest
443 1846 527 1887 per
560 1833 794 1887 defectum,
829 1840 872 1878 et
904 1847 987 1888 per
1021 1848 1265 1879 excessum.
1290 1834 1436 1879 Virtus
1469 1834 1515 1878 in
1548 1835 1720 1889 magnis

266 1917 457 1971 ingeniis
478 1918 687 1973 curanda,
710 1918 990 1973 potissimum
1015 1920 1250 1964 humilitas.

157 2001 296 2046 14-15.
316 2001 577 2057 Superiores
596 2002 803 2048 intersint
822 2003 1045 2049 litterariis
1062 2004 1463 2059 exercitationibus3
1483 2005 1721 2060 neglegen-

160 2173 226 2218 16.

160 2260 225 2304 17.

158 2432 224 2477 18.

267 2093 334 2132 tes
355 2087 408 2131 ab
432 2088 586 2133 studiis
607 2096 863 2143 amoveant;
884 2103 991 2144 erga
1010 2089 1268 2135 fundatores
1290 2091 1402 2145 grati
1424 2091 1524 2135 sint.

268 2173 464 2228 Magistri
481 2176 633 2230 quales
650 2190 750 2221 esse
772 2176 975 2221 debeant.

271 2259 434 2304 Eorum
483 2261 679 2306 delectus
722 2261 966 2315 habendus,
1011 2262 1249 2317 praecipue
1287 2262 1594 2317 professorum
1636 2276 1718 2318 pro

269 2347 496 2392 altioribus
518 2348 686 2393 studiis.

267 2434 316 2478 In
332 2440 535 2478 votorum
552 2433 864 2479 observatione
883 2435 1039 2490 Angeli
1054 2435 1266 2480 imitandi.

158 2518 298 2563 19-21.
323 2518 416 2564 Duo
437 2520 657 2574 praesidia
673 2520 884 2565 castitatis
909 2535 918 2565 :
940 2521 1074 2566 timor
1093 2521 1290 2575 labendi3
1316 2527 1359 2566 et
1378 2521 1566 2567 redditio
1587 2522 1719 2567 ratio-

158 2776 225 2821 2⁰2.

158 2946 225 2992 23.

159 3117 227 3163 24.

268 2605 336 2650 nis
357 2606 668 2651 conscientiae.
692 2606 758 2650 Ad
788 2620 884 2651 eam
915 2606 1199 2651 obtinendam
1222 2613 1429 2662 quattuor
1457 2614 1560 2653 sunt
1592 2608 1718 2654 dotes

267 2691 313 2735 in
333 2691 571 2746 Superiore
600 2693 894 2737 necessariae.

269 2777 438 2822 Puritas
459 2779 732 2833 paupertatis
754 2778 962 2823 curanda.
987 2778 1244 2824 Necessaria
1274 2793 1364 2824 non
1385 2779 1713 2825 subtrahantur.

268 2862 456 2907 Senibus
477 2863 640 2918 aliquid
670 2864 1002 2918 indulgendum.

269 2947 585 2994 Oboedientiae
604 2950 888 3004 praestantia.
912 2950 1118 2996 Eiusdem
1140 2951 1362 2997 exsecutio
1385 2951 1569 2996 difficilis
1589 2964 1716 3006 prae·

269 3034 420 3078 sertim
441 3033 767 3088 Superioribus.

269 3117 363 3163 Duo
385 3119 636 3164 adiumenta
652 3119 972 3166 oboedientiae.
