2315 3559
183 242 250 280 DE
273 242 577 280 REPETENDA
599 242 1057 293 ss‚PETR1,10ANN.
1078 243 1306 282 ETALPH.
1329 245 1565 283 MEMORIA
1605 231 1706 284 193

218 386 514 453 Flagitabat
553 394 732 440 autem
771 387 1057 441 necessitas
1095 395 1154 441 ut
1192 388 1492 442 ministerio
1530 390 1704 455 Nigri-

147 492 323 538 tarum
384 486 716 540 redderetur.
777 485 948 549 Quare
992 488 1056 541 ad
1108 504 1347 554 operam,
1395 487 1479 541 cui
1529 495 1700 541 toturn

147 602 201 638 se
239 585 532 652 addixerat,
575 585 750 639 redire
789 585 982 652 iussim,
1025 586 1403 640 ardentissima
1442 587 1495 640 in
1535 588 1700 641 Deum

144 682 364 736 caritate
407 683 473 736 ad
519 683 852 737 intermissos
897 702 951 737 se
1002 684 1208 738 labores
1265 685 1487 752 rettulit,
1540 693 1701 752 atquc

146 782 198 835 in
237 782 573 836 sanctissimo
613 800 835 836 munere
874 785 1018 850 quod
1060 783 1328 851 reliquum
1369 793 1481 838 erat
1531 786 1702 839 admi-

144 880 326 934 rabilis
367 881 504 935 vitae
548 882 898 949 consumpsit.

209 978 292 1033 028.
342 979 579 1033 Plurima
617 982 682 1035 de
722 980 916 1034 eximio
968 982 1067 1035 hoc
1106 981 1198 1035 Dei
1239 983 1439 1036 famulo
1486 983 1699 1037 heroico

142 1079 277 1132 facta
338 1078 571 1146 narravi,
625 1087 837 1146 sumpta
897 1080 964 1133 ab
1025 1080 1089 1134 iis
1146 1080 1514 1149 scriptoribus,
1568 1100 1701 1150 quo-

142 1195 262 1231 rum
307 1177 361 1230 in
406 1178 505 1231 hoc
549 1195 744 1243 genere
782 1178 913 1232 lidos
965 1186 1016 1232 et
1064 1196 1149 1232 ars
1199 1179 1472 1234 iudicandi
1519 1182 1701 1236 lauda-

140 1283 244 1329 tur.
297 1277 545 1330 Attamen
601 1294 866 1344 perpauca
928 1278 1062 1331 mihi
1108 1278 1294 1332 videor
1350 1279 1605 1347 tetigisse,
1655 1281 1697 1334 si

138 1376 482 1429 conserantur
537 1393 658 1429 cum
708 1377 915 1443 ceteriS,
970 1394 1106 1445 quae
1157 1377 1315 1431 tacita
1366 1379 1579 1445 reliqui,
1633 1397 1697 1433 ne

140 1491 311 1528 essem
362 1474 622 1528 infinitus.

206 1573 350 1627 Nihil
396 1573 503 1628 dixi
548 1575 613 1628 de
657 1574 941 1628 hominum
997 1574 1157 1642 lepris
1203 1574 1519 1629 affectorum
1570 1594 1696 1630 cura

139 1672 332 1726 eximia
393 1691 452 1727 ac
513 1674 668 1740 plane
730 1673 1007 1740 singulari.
1069 1674 1274 1728 Horum
1335 1675 1695 1730 calamitatem

140 1788 323 1826 amore
383 1772 593 1826 levabat
636 1772 958 1839 incredibili,
1002 1773 1217 1839 ignaros
1264 1791 1445 1828 rerum
1491 1774 1697 1829 divina-

138 1889 257 1925 rum
303 1871 599 1938 erudiebat,
646 1889 706 1925 ac
750 1889 871 1926 raro
922 1872 1191 1940 prodigio,
1240 1874 1461 1941 pallium
1512 1876 1697 1929 admo-

138 1972 310 2025 vendo
356 1971 672 2025 medebatur
716 1971 946 2026 miseris.

205 2069 424 2124 Silentio
502 2070 790 2138 praeterivi
863 2071 1052 2139 capitis
1125 2073 1426 2140 damnatOS,
1498 2074 1693 2141 quibus

137 2177 368 2223 mortem
419 2169 648 2223 obituris
704 2169 877 2224 affuit.
929 2171 1127 2225 Ferunt
1192 2189 1315 2226 eum
1377 2173 1693 2228 nocentibus

136 2268 408 2322 interdum
453 2270 518 2323 ad
569 2269 809 2337 triginta,
863 2269 956 2337 qui
1008 2270 1168 2324 simul
1220 2271 1486 2327 afficiendi
1543 2281 1695 2327 erant

135 2368 417 2436 suppliciO,
459 2377 672 2436 praesto
712 2369 893 2424 fuisse.

202 2467 429 2535 Operam
473 2468 699 2523 contulit
735 2468 897 2523 etiam
948 2469 1002 2522 in
1047 2469 1336 2524 Mahometi
1382 2479 1688 2539 sectatores,

134 2584 366 2634 quorum
411 2567 739 2622 obstinatum
784 2568 1026 2622 animum
1066 2568 1138 2623 ita
1182 2569 1327 2637 vicit,
1370 2578 1429 2624 ut
1478 2571 1694 2626 ferocis-

134 2665 332 2719 simum
399 2674 660 2733 ponerent
731 2666 1009 2733 ingenium
1082 2675 1134 2722 et
1205 2676 1474 2736 quotquot
1541 2678 1691 2724 erant

133 2764 514 2832 Carthagenae,
563 2766 957 2833 propemodum
1001 2784 1188 2822 omnes
1244 2776 1496 2823 exuerent
1545 2787 1691 2824 erro-

134 2881 267 2918 rem.

198 2962 282 3018 029.
342 2964 502 3018 Multa
558 2964 716 3017 omisi
766 2964 831 3018 de
874 2965 986 3019 eius
1037 2966 1380 3034 paenitentia.
1442 2968 1689 3022 Infensis-

132 3062 298 3117 simus
343 3063 658 3118 deliciarum
708 3065 876 3118 hostis
921 3067 1065 3120 nulla
1103 3067 1156 3120 in
1195 3085 1252 3121 re
1291 3068 1687 3136 obsequebatur

131 3162 393 3229 sensibUS,
434 3163 536 3216 sibi
587 3163 899 3229 indulgebat
936 3165 1089 3219 nihil.
1132 3166 1393 3229 Quattuor
1430 3175 1482 3221 et
1530 3167 1686 3234 quin-

239 3274 370 3321 TOME
389 3275 460 3321 IV.
1525 3278 1577 3322 13

1786 984 2039 1030 nnstandunt

1818 1041 2006 1102 Quduun

1771 1108 2038 1144 annnoruun

1786 2988 1991 3031 hnstanda

1744 3046 2034 3091 inorufirauo.
