2315 3559
223 1467 310 1512 Nec
350 1470 495 1514 minus

261 1524 462 1569 imminet

222 1579 485 1633 periculum,

227 1634 278 1687 si,
299 1634 353 1678 de
375 1635 502 1679 nobis

193 1688 301 1743 ipsis
314 1690 519 1745 modesti,

208 1744 261 1788 de
284 1745 501 1790 Societate

193 1800 519 1854 superbiamus:

580 205 683 261 3024
840 222 1088 261 ErlsTOLA
1129 223 1176 261 R.
1222 223 1267 261 r.
1311 224 1364 262 N.
1406 222 1649 260 Lunovmi
1693 222 1891 261 MAR'riN

581 367 920 435 singulorum
974 368 1080 421 vita
1133 374 1394 434 versatur,
1448 367 1521 421 ita
1583 366 1684 420 sita
1734 374 1813 421 est
1862 367 2146 422 incolumi-

579 474 659 520 tas
704 475 756 522 et
793 467 960 521 robur
1008 466 1244 520 cuiusvis
1288 474 1470 520 coetus
1516 465 1775 533 religiosi,
1822 484 1881 520 ac
1931 467 2145 535 potissi-

579 583 730 620 mum
798 565 1107 632 Societatis3
1168 583 1227 620 ex
1283 567 1450 620 altera
1505 573 1675 634 parte,
1733 582 1829 619 cur
1889 566 2141 622 inimicus

577 664 803 719 humani
839 664 1073 732 generiS,
1114 671 1298 718 nostra
1336 664 1435 718 hac
1472 672 1645 719 aetate
1683 664 1888 719 maiore
1936 664 2143 733 impetu

576 782 740 832 quam
785 781 1048 833 umquam
1098 772 1273 832 antea,
1304 781 1491 819 omnes
1537 764 1813 819 machinas
1856 765 2144 820 admoveat

575 864 641 918 ad
693 864 795 918 hoc
848 862 1240 919 solidissimum
1295 862 1618 917 humilitatis
1663 871 1715 917 et
1768 863 2143 919 oboedientiae

574 965 987 1019 fundamentum
1026 964 1398 1019 evertendum.
1440 964 1601 1018 Novit
1638 963 1783 1019 enim
1823 964 1956 1033 ipse,
1997 965 2142 1019 calli-

573 1064 829 1119 dissimus
898 1082 1081 1120 rerum
1148 1073 1569 1133 temporumque
1630 1065 1961 1133 aestimator,
2032 1083 2140 1120 non

571 1181 851 1218 armorum
902 1164 1131 1233 strepitu
1193 1172 1245 1218 et
1305 1165 1543 1218 tumultu
1604 1171 1835 1219 matrem
1896 1172 2138 1220 nostram

571 1264 866 1332 expugnari
910 1282 1085 1333 posse,
1133 1264 1226 1319 sed
1272 1263 1572 1330 fraudibuS,
1621 1263 1818 1332 quibus
1863 1265 1929 1319 ad
1975 1265 2136 1319 altam

570 1364 652 1418 sui
696 1364 1151 1420 existimationem
1195 1364 1479 1419 alliciatur.

635 1465 721 1520 47.
753 1465 817 1520 Et
843 1465 1103 1534 quoniam
1131 1466 1236 1518 huc
1263 1464 1481 1519 devenit
1507 1464 1700 1531 oratio,
1725 1464 1903 1532 sinite,
1935 1481 2135 1532 quaeso

567 1564 677 1618 RR.
728 1565 910 1621 Patres
955 1567 1277 1633 Fratresque
1314 1564 1599 1630 carissimi,
1648 1581 1735 1618 me
1772 1581 1888 1618 rem
1932 1564 2137 1630 gravis-

567 1664 761 1720 simam
813 1666 1248 1720 animadvertere
1293 1664 1604 1732 summique
1654 1663 1936 1731 momenti,
1983 1664 2134 1718 cuius

565 1782 818 1833 praesens
857 1766 1158 1834 periculum
1203 1764 1370 1819 sensit
1414 1764 1521 1818 iam
1565 1763 1858 1832 timuitque
1900 1772 2136 1819 anteces-

565 1883 653 1920 sor
703 1884 854 1922 meus
904 1867 956 1921 b.
1005 1884 1077 1921 m.
1131 1868 1190 1921 A.
1256 1866 1318 1920 R.
1381 1866 1435 1919 P.
1496 1865 1820 1931 Roothaan3
1879 1864 1972 1932 qui
2023 1865 2133 1919 suis

563 1967 757 2022 litteris
797 1982 823 2016 ((
859 1968 933 2023 De
971 1985 1157 2022 amore
1194 1966 1473 2022 Societatis
1512 1975 1564 2020 et
1607 1965 1844 2020 Instituti
1882 1965 2072 2033 nostri,
2104 1984 2130 2018 ))

563 2069 629 2123 ad
667 2068 989 2124 Societatem
1034 2068 1174 2124 datis
1219 2068 1306 2123 die
1356 2067 1585 2136 septima
1630 2067 1830 2122 mensis
1875 2066 1991 2121 iulii
2042 2085 2127 2122 an.

560 2168 714 2237 1830,
762 2170 880 2225 illos
925 2170 1100 2224 acrius
1145 2168 1514 2238 reprehendit,
1557 2168 1651 2237 qui
1690 2168 2130 2222 commendantes

561 2268 925 2324 humilitatem
1004 2277 1064 2323 ut
1142 2268 1398 2322 virtutem
1471 2266 1697 2335 singulis
1769 2285 1797 2321 e
1867 2265 2130 2321 Societate

562 2370 795 2425 maxime
849 2370 1128 2439 propriam
1185 2377 1236 2425 et
1296 2368 1674 2436 necessariam,
1738 2368 1886 2422 illam
1947 2375 2128 2423 tamen

561 2469 806 2524 oblivisci
845 2469 1116 2537 videntur,
1159 2486 1283 2523 cum
1321 2469 1502 2536 agitur
1534 2469 1601 2524 de
1627 2476 1739 2523 tota
1765 2468 1926 2522 simul
1954 2466 2129 2522 Socie—

561 2577 703 2636 tate;
763 2587 822 2623 ac
878 2570 922 2623 si
984 2571 1061 2623 fas
1123 2576 1263 2624 esset
1312 2568 1539 2636 singulis
1589 2569 1793 2636 absque
1843 2567 2126 2636 superbiae

560 2677 687 2724 nota
725 2670 792 2724 de
830 2668 895 2723 iis
939 2668 1162 2736 gloriari
1201 2686 1341 2736 quae
1379 2668 1614 2723 Societas
1653 2668 1720 2723 ad
1764 2667 1856 2722 Dei
1893 2666 2124 2734 gloriam

560 2779 612 2825 et
660 2769 968 2824 animarum
1025 2770 1252 2824 salutem
1306 2770 1471 2836 gessit
1533 2768 1800 2836 geritque.
1859 2768 2013 2835 Nam,
2066 2775 2126 2821 ut

561 2870 755 2926 merito
793 2869 980 2924 scribit
1019 2870 1072 2924 P.
1116 2869 1416 2937 Roothaan,
1459 2883 1485 2918 ((
1520 2870 1667 2937 quod
1705 2867 1930 2935 singulis
1966 2875 2123 2936 turpe

562 2991 587 3025 ›>
628 2972 784 3038 foret,
831 2978 883 3025 et
931 2968 1147 3024 crimini
1198 2970 1517 3024 vertendum
1567 2986 1749 3024 coram
1800 2969 1926 3035 Dee,
1973 2967 2027 3022 id
2077 2967 2122 3021 si

561 3089 587 3124 ))
627 3069 906 3125 Societatis
967 3069 1187 3123 nomine
1249 3069 1303 3123 iu
1364 3069 1608 3123 animum
1670 3068 1791 3136 quis
1842 3066 2116 3135 suscipiat,

562 3190 587 3224 ›>
627 3170 932 3238 legitimum
983 3186 1116 3237 esse,
1181 3186 1424 3225 amorem
1480 3187 1594 3225 esse
1649 3167 1946 3233 SocietatiS‚
2000 3166 2119 3235 qui-
