2315 3559
219 834 353 872 Const,
377 841 415 874 p.
432 833 484 866 10.

309 884 350 908 11.
361 877 395 909 2.

320 1248 379 1281 Ib.

208 1829 485 1884 Sanctorum,

224 2436 378 2469 Iudith.
392 2436 425 2469 3.
440 2437 473 2469 5.

223 2532 369 2566 Matth.
384 2533 416 2572 3,
441 2533 474 2565 3.

225 2726 341 2758 Brev.
357 2727 475 2758 Rom.

205 2768 244 2800 d.
269 2769 311 2800 21
337 2768 426 2800 Iun.
443 2767 497 2800 ad

280 2809 425 2842 Matut-

253 3242 298 3281 et
312 3235 456 3291 Ipsius

200 3291 360 3338 Christi
376 3290 504 3337 Dom.

560 251 662 306 146
734 269 983 309 EPISTOLA
1021 271 1070 310 R.
1114 271 1161 309 P.
1203 272 1254 309 N.
1297 271 1416 309 ANT.
1468 270 1593 308 MAR.
1633 271 1942 310 ANDERLEDY

562 412 770 480 influat,
820 416 1377 483 instrumentumque,
1418 423 1477 469 ut
1520 415 1741 471 Sanctus
1787 418 1942 471 docet
1979 417 2132 484 lgna-

562 514 687 582 tiuS,
729 532 852 569 cum
897 516 1004 570 Deo
1049 515 1359 582 coniungat.
1401 516 1479 569 Ad
1526 516 1689 569 finem
1734 516 1879 570 enim
1923 517 2131 569 auoeilz'i

562 615 947 671 animarum...
991 634 1126 685 quae
1162 633 1287 668 cum
1323 615 1429 669 Deo
1457 615 1883 670 instrumentzmz
1909 616 2130 670 coniun-

562 723 783 783 9unt....
814 718 1118 786 efficaciora
1142 723 1287 782 sumt,
1319 735 1483 785 quam
1510 734 1644 785 quae
1671 717 1813 770 illud
1838 716 2133 783 disponunt

563 834 692 885 erga,
730 818 990 872 homine&
1068 817 1126 871 In
1169 817 1259 872 illa
1302 835 1430 884 ergo
1494 816 1840 885 potissimum
1902 833 2029 870 cura
2079 824 2130 870 et

563 917 714 971 labor
753 917 1116 986 impendenda
1154 925 1294 972 sunt.
1333 917 1569 981 Quorum
1600 916 1887 984 praecipua
1913 933 2131 970 censen-

562 1024 649 1070 tur
687 1035 716 1071 a
753 1017 945 1072 Sancto
986 1018 1141 1072 Patre
1180 1025 1384 1084 nostro,
1428 1017 1628 1070 caritas
1653 1023 1702 1071 et
1725 1035 1868 1083 pum
1902 1016 2129 1070 intentio

559 1118 756 1172 Divina·
790 1119 1007 1173 servitii
1043 1125 1092 1172 et
1128 1118 1497 1187 familiaritas
1535 1135 1656 1171 cum
1692 1117 1860 1172 Dee...
1903 1122 1953 1170 et
1988 1116 2130 1170 zelus

556 1219 797 1272 sincerus
822 1219 1162 1273 animarum.

662 1318 817 1374 Hisce
889 1318 1174 1387 praesidiis
1236 1318 1301 1373 ad
1371 1317 1552 1371 omnia
1609 1334 1820 1371 summa
1881 1316 2128 1370 homines

558 1417 931 1472 instituuntur.
984 1419 1129 1472 Inter
1186 1417 1370 1472 omnia
1422 1433 1549 1471 vero
1595 1434 1807 1470 summa
1860 1416 1996 1469 nihil
2051 1423 2130 1469 est

558 1517 916 1585 expetendum
972 1517 1164 1585 magiS,
1229 1534 1394 1584 quam
1447 1515 1622 1583 gloria
1669 1515 1884 1570 Domini
1935 1514 2124 1581 nostri,

557 1618 623 1672 ad
670 1634 834 1685 quam
884 1618 1291 1686 provehendam
1343 1615 1482 1670 Deus
1534 1632 1776 1669 seorsum
1821 1632 1850 1668 a
1888 1614 2130 1669 multitu-

559 1716 684 1771 dine
739 1716 956 1771 erudire
1011 1715 1290 1770 hominem
1341 1732 1400 1769 ac
1452 1715 1626 1769 facere
1675 1714 1932 1769 idoneum
1972 1715 2122 1768 solet.

661 1816 710 1871 6.
761 1816 938 1871 Latuit
982 1816 1202 1884 Moyses,
1251 1823 1542 1883 antequam
1588 1815 1850 1882 populum
1897 1815 2125 1868 electum

561 1916 860 1971 vindicaret
897 1916 952 1970 in
990 1916 1296 1970 libertatem
1327 1934 1338 1981 ;
1380 1916 1653 1969 latuerunt
1694 1913 1984 1968 venerandi
2029 1912 2126 1967 viri

561 2016 878 2084 Prophetae,
938 2015 1032 2084 qui
1077 2033 1105 2070 e
1156 2014 1447 2069 solitudine
1498 2014 1818 2082 prodierunt
1871 2013 1937 2067 ad
1994 2030 2128 2066 nun-

558 2116 744 2171 tianda
789 2117 989 2186 populo
1039 2115 1240 2170 iudicia
1284 2123 1336 2170 et
1384 2113 1816 2169 misericordiam
1867 2112 2123 2179 Domini,

559 2217 717 2271 latuit
744 2216 897 2270 fortis
925 2216 1016 2270 illa
1044 2215 1244 2283 Iudith,
1276 2232 1414 2283 quae
1442 2215 1501 2268 in
1535 2214 1909 2281 superioribus
1940 2215 2129 2267 domus

558 2335 688 2372 suae
737 2317 863 2387 fecit
909 2317 1020 2370 sibi
1066 2321 1326 2370 secretum
1371 2314 1698 2381 cubiculum,
1748 2314 1809 2367 in
1858 2331 1957 2382 quo
2005 2330 2127 2366 cum

554 2418 759 2485 puellis
823 2417 940 2471 suis
1006 2416 1189 2470 clausa
1254 2414 1589 2468 mora-hatur.
1656 2412 1833 2467 Latuit
1899 2429 2126 2479 magnus

562 2518 787 2572 Ioannes
855 2514 1111 2584 Baptista,
1182 2532 1280 2568 vooe
1323 2513 1614 2567 clamantis
1675 2513 1735 2567 in
1784 2513 2002 2579 desertO,
2061 2512 2127 2566 de

562 2634 670 2685 quo
737 2616 881 2671 canit
948 2614 1222 2669 Ecclesia:
1268 2613 1447 2668 Antra
1512 2613 1709 2668 deserti
1776 2612 1972 2667 teneris
2029 2612 2126 2666 sub

562 2717 744 2782 annis,
815 2716 1021 2770 civium
1089 2721 1298 2768 turmas
1369 2713 1603 2781 sumena,
1678 2712 1884 2779 petisti.
1951 2710 2129 2765 Latuit

562 2815 725 2883 Virgo
778 2814 1167 2878 Immaculata;
1221 2812 1390 2865 solam
1451 2810 1657 2865 invenit
1714 2809 1846 2864 caeli
1905 2809 2125 2863 nuntius

563 2916 802 2969 futuram
852 2912 945 2966 Dei
996 2911 1240 2977 Matrem,
1294 2927 1353 2964 ac
1402 2909 1596 2964 tacitae
1646 2907 1926 2963 solitudini
1976 2925 2126 2961 man-

562 3018 748 3072 datum
805 3020 885 3068 est
947 3028 1206 3079 magnum
1274 3010 1609 3078 mysterium,
1674 3009 1819 3077 quod
1887 3007 2124 3062 nuntiari

564 3114 912 3185 postmodum
957 3112 1055 3167 toti
1095 3111 1377 3179 oportebat
1420 3118 1688 3165 terrarum
1733 3108 1869 3163 orbi.

666 3215 715 3270 7.
769 3213 920 3278 Quod
967 3228 1094 3266 vero
1145 3210 1376 3265 maxime
1433 3209 1763 3276 mirandum,
1816 3207 1972 3262 latuit
2008 3207 2124 3275 ipsa
