2221 3559
225 737 316 798 R.
372 738 454 797 P.
510 737 900 799 ANTONH
953 739 1048 799 M.
1105 738 1687 799 ANDERLEDY

691 898 892 930 VICARII
919 898 1216 931 GENERALIS

368 1021 438 1064 AI)
470 1021 675 1064 PATRES
706 1021 774 1064 ET
804 1021 1047 1065 FRATRES
1078 1021 1385 1066 SOCIETATlS
1417 1022 1537 1066 IESU

416 1359 484 1396 DE
539 1358 775 1395 LITTERIS
826 1357 1120 1394 ENCYCLICIS
1171 1356 1495 1394 SANCTISSIMI

303 1447 494 1484 DOMINI
546 1447 731 1483 LEONIS
782 1447 860 1483 PP.
908 1446 1002 1482 XIII
1052 1448 1061 1482 ἶ
1105 1445 1369 1482 HUMANEM
1421 1443 1606 1481 GENUS.

248 1600 467 1653 Summa
494 1601 671 1664 legum
701 1598 895 1665 quibus
930 1597 1167 1662 religiosi
1202 1596 1416 1649 ordines
1455 1602 1732 1660 reguntur,

180 1700 309 1751 haec
348 1706 443 1764 est,
491 1705 549 1750 ut
592 1704 814 1764 pareant
852 1696 1072 1750 Summo
1118 1695 1382 1760 Pontifici,
1425 1702 1476 1748 et
1520 1712 1579 1747 ex
1623 1695 1736 1747 eius

178 1797 407 1864 imperio
434 1804 675 1863 nutuque
703 1797 986 1863 pendeant.
1019 1795 1228 1847 Etenim
1264 1794 1562 1861 principem
1598 1793 1736 1847 inter

179 1912 383 1962 omneS,
415 1895 507 1962 qui
535 1902 807 1962 praesunt,
834 1895 1009 1947 locum
1032 1893 1237 1946 obtinet
1258 1893 1452 1946 Christi
1473 1892 1732 1958 Vicarius,

179 1994 274 2061 qui
306 1993 488 2047 omnia
516 1992 889 2060 complectitur
922 1992 1037 2045 iure
1070 2010 1127 2045 ac
1167 2000 1446 2059 potestate,
1484 1999 1535 2045 et
1566 2009 1593 2044 a
1628 2008 1735 2058 quo

177 2091 527 2160 Superiorum
555 2092 775 2145 facultas
803 2091 976 2144 omnis
1004 2099 1281 2158 tamquam
1309 2091 1374 2144 ab
1401 2091 1564 2144 ubere
1592 2091 1735 2143 sonte

178 2209 238 2244 ac
288 2190 510 2258 perenni
561 2191 817 2244 dimanat.
872 2190 984 2251 Quo
1034 2190 1262 2256 imperio
1309 2207 1401 2242 usa
1449 2189 1499 2242 S.
1553 2188 1731 2250 Sedes,

179 2289 458 2355 religiosos
498 2289 712 2342 ordines
751 2289 1070 2356 temperavit
1114 2289 1331 2356 optimis
1375 2289 1632 2342 institutis
1677 2307 1735 2341 ac

178 2387 405 2452 legibus,
459 2404 656 2453 eosque
707 2388 982 2440 moderata
1032 2394 1110 2440 est
1158 2387 1349 2453 gratia,
1403 2386 1561 2440 insita
1611 2386 1731 2449 sihi,

179 2485 401 2538 caritate
428 2503 485 2538 ac
512 2485 883 2538 benevolentia
908 2502 1078 2552 usque
1106 2502 1186 2551 e0,
1217 2493 1275 2537 ut
1301 2502 1389 2538 eos
1417 2485 1470 2537 in
1493 2485 1734 2552 pluribus

180 2591 453 2650 exemptos
481 2582 582 2635 sibi
604 2583 701 2636 soli
729 2583 984 2636 obnoxios
1006 2591 1057 2636 et
1077 2583 1508 2650 obtemperantes
1530 2583 1730 2636 fecerit.

180 2682 294 2734 Hoc
348 2682 617 2746 singulare
665 2681 986 2734 beneficium
1041 2680 1419 2734 SANCTISSIMUS
1468 2681 1731 2746 Domxus,

181 2778 287 2831 LEo
321 2779 418 2831 PP.
453 2778 614 2843 XIII„
639 2795 735 2845 pro
769 2778 871 2832 Sua
905 2779 958 2831 in
992 2779 1270 2844 religiosas
1300 2778 1528 2832 familias
1562 2778 1733 2843 gratia

180 2884 231 2929 et
260 2877 609 2942 benignitate,
646 2885 850 2930 certum
889 2895 949 2930 ex
981 2877 1096 2931 iure
1130 2887 1182 2931 et
1216 2878 1491 2943 cognitum
1525 2878 1735 2929 sollem-

180 2974 320 3028 niter
375 2974 689 3028 enuntiavit.
744 2974 915 3037 Quare
976 2993 1208 3042 aequum
1265 2984 1420 3042 esset,
1479 2975 1729 3042 pietatem

180 3080 440 3140 nostram,
475 3082 688 3138 gratum
728 3073 967 3126 animum
1007 3082 1058 3128 et
1095 3074 1490 3128 oboedientiam
1529 3081 1731 3126 certare

290 3188 419 3232 ΤΟΜΕ
441 3188 509 3232 IV.

1780 2219 1972 2262 Societas
2007 2232 2108 2262 nos-

1780 2281 1861 2327 tra,
1920 2274 2106 2316 obnoxia

1780 2328 1935 2390 Cuhristi

1780 2397 1862 2436 rto,

1987 2328 2108 2371 Vica-
