2315 3559
545 201 648 256 394
959 220 1278 259 SUMMARJUM
1318 222 1681 262 EPISTOLARUM

547 436 635 490 Ill.
666 452 732 490 AD
759 452 954 491 PATREs
993 454 1055 492 ET
1095 455 1324 493 FRATRES
1351 455 1667 508 socmmrm,
1697 440 1764 496 12
1790 450 1946 497 mart.
1977 442 2113 499 1864

701 557 813 623 Quo
837 559 1043 625 spiritu
1072 559 1449 614 tribulationes
1473 561 1586 614 sint
1605 562 1957 630 perferendae

971 668 1142 733 (Tom.
1176 669 1265 737 ΙΙΙ,
1296 687 1385 738 pp.
1415 669 1689 740 loa-130.)

617 820 653 862 1.
689 818 813 862 Ratio
837 818 1061 863 scribendi
1083 818 1330 864 desumitur
1350 834 1402 864 ex
1423 821 1582 866 afflicto
1605 822 1833 867 Societatis
1855 828 1984 867 statu.

613 905 653 949 2.
687 905 747 949 Ex
768 906 855 949 fine
879 912 1031 949 nostro
1054 906 1239 960 proprio
1261 921 1343 961 pro
1367 907 1537 952 Christo
1558 908 1811 963 militantes,
1834 924 1916 964 pro
1939 910 2109 955 Christo

649 992 1011 1046 persecutionem
1028 992 1237 1047 patimur.

611 1078 651 1122 3.
684 1079 724 1122 S.
751 1080 946 1133 [gnatius
968 1081 1259 1125 adversitates
1282 1095 1370 1125 non
1394 1081 1590 1133 timebat,
1607 1082 1835 1127 confidens
1853 1096 1903 1126 ex
1920 1082 1987 1127 his
2003 1082 2108 1128 uhe-

649 1164 815 1208 riorem
838 1165 1031 1210 fructum
1052 1172 1314 1221 perceptum
1337 1166 1404 1210 iri.

610 1249 649 1292 4.
685 1249 769 1293 Per
797 1250 1088 1296 adversitates
1121 1251 1238 1295 Deus
1267 1257 1506 1306 peccantes
1539 1253 1760 1307 emendat,
1794 1258 1838 1297 et
1866 1252 2025 1298 excitat
2055 1253 2108 1297 ad

645 1335 844 1379 meliora.
878 1336 1066 1381 Mundus
1100 1337 1143 1380 in
1177 1336 1306 1381 nohis
1335 1336 1554 1382 Christum
1584 1338 1872 1392 persequitur
1903 1352 1912 1382 :
1946 1344 2110 1393 quanta

646 1420 872 1465 beatitudo
893 1421 902 1464 Ι

608 1507 647 1551 5.
683 1506 799 1551 Deus
830 1522 934 1552 suos
965 1508 1077 1552 miro
1108 1508 1240 1553 modo
1277 1509 1445 1553 solatur
1475 1515 1518 1554 et
1546 1509 1764 1564 protegit3
1803 1523 1950 1564 neque
1980 1514 2109 1554 extra

646 1593 785 1638 Deum
807 1594 922 1638 aliud
946 1595 1181 1649 quicquam
1206 1595 1334 1639 nohis
1356 1595 1599 1639 timendum
1621 1601 1702 1639 est.

608 1680 648 1724 6.
684 1681 941 1725 Patiendum
978 1695 1129 1726 amore
1159 1681 1332 1736 Christi,
1366 1682 1490 1726 cuius
1520 1682 1728 1737 patientis
1758 1682 1978 1727 humilitas
2012 1683 2106 1727 imi-

645 1767 778 1811 tanda
814 1767 957 1812 nobis.
993 1768 1108 1812 Deus
1144 1768 1236 1812 vult
1270 1775 1318 1813 ut
1351 1769 1537 1813 humiles
1565 1783 1664 1813 esse
1694 1769 1939 1824 discamus3
1974 1784 2105 1824 quam

646 1853 934 1897 humilitatem
956 1853 997 1898 S.
1018 1854 1213 1908 [gnatius
1234 1854 1420 1899 maxime
1441 1855 1735 1899 commendat.

610 1939 648 1983 7.
685 1939 806 1984 Hanc
847 1940 978 1984 etiam
1027 1941 1071 1984 in
1107 1941 1238 1985 modo
1274 1941 1469 1996 patiendi
1507 1942 1744 1986 ostendere
1785 1941 2013 1986 debemus.
2057 1943 2104 1986 In

644 2029 892 2074 humilitate
913 2029 1002 2074 vita
1023 2030 1314 2074 examinanda
1335 2036 1416 2074 est.
1435 2029 1600 2074 Caritas
1622 2044 1730 2084 erga
1750 2029 1993 2085 dispersos.
2012 2029 2106 2075 Dis-

644 2129 880 2169 persorum
904 2115 1111 2160 officium.
1136 2116 1261 2160 Zelus
1283 2115 1544 2160 animarum.

606 2203 646 2247 8.
678 2203 849 2247 Patriae
888 2217 1013 2248 amor
1051 2203 1329 2249 inordinatus
1370 2218 1500 2258 quam
1541 2204 1741 2248 nocivus.
1779 2203 1997 2248 Victoriae
2037 2203 2104 2248 sui

645 2299 888 2343 necessitas
910 2305 953 2344 et
970 2299 1145 2344 solacia.

615 2386 656 2430 9.
689 2385 914 2431 Orandum
931 2386 1196 2441 praesertim
1214 2386 1317 2441 quia
1337 2400 1498 2441 magna
1512 2385 1711 2441 pericula
1725 2385 1970 2430 imminent.
1989 2385 2103 2440 Vigi-

643 2472 821 2516 landum
844 2478 888 2516 et
906 2486 1068 2527 magno
1091 2472 1237 2517 animo
1258 2486 1341 2528 pro
1364 2472 1454 2517 Deo
1477 2473 1714 2528 agendum.

604 2609 686 2664 lV.
718 2626 783 2664 AD
813 2626 1007 2664 PATREs
1034 2627 1097 2664 ET
1122 2626 1353 2665 FRATRES
1375 2625 1692 2677 soomTATIS,
1716 2610 1748 2664 2
1770 2611 1872 2665 feb.
1897 2609 2033 2665 1866

731 2731 807 2785 De
831 2730 1017 2785 Beatis
1042 2732 1108 2785 P.
1143 2730 1367 2786 Canisio
1393 2738 1440 2786 et
1465 2732 1511 2786 I.
1542 2732 1918 2786 Berehmamzo

957 2839 1128 2908 (Tom.
1162 2842 1251 2909 ΙΙΙ,
1283 2859 1372 2909 pp.
1403 2840 1678 2908 130-184.)

562 2971 645 3015 1-3.
678 2970 1004 3015 Calamitatibus
1036 2985 1091 3015 ne
1122 2971 1365 3016 deiciamur
1403 2972 1447 3016 in
1480 2978 1632 3016 sancta
1668 2977 1821 3016 nostra
1850 2970 2097 3023 vocatione,

643 3058 881 3112 plurimum
904 3057 1020 3100 valet
1041 3071 1199 3101 recens
1221 3058 1481 3112 glorificatio
1505 3059 1584 3102 BR.
1612 3057 1726 3102 Petri
1749 3063 1793 3102 et
1813 3057 2004 3101 Ioannis.

559 3144 646 3188 4-5.
680 3143 945 3188 Beatiticatio
967 3144 1074 3187 haec
1097 3149 1165 3188 est
1185 3144 1384 3189 defensio
1405 3144 1649 3197 Societatis,
1674 3150 1829 3189 contra
1860 3143 2098 3188 modernos

643 3230 924 3275 adversarios
946 3235 1123 3275 nostros
1140 3236 1184 3275 et
1199 3230 1436 3276 Ecclesiae.
