2315 3559
230 249 296 287 DE
318 247 622 286 REPETENDA
643 248 714 286 ss.
734 247 1101 299 PETR1,10ANN.
1122 247 1351 287 ETALPH.
1375 249 1615 289 MEMoim
1651 235 1752 290 165

193 393 346 459 turiS,
377 400 435 446 ut
471 409 837 446 assuescamus
876 392 1014 446 mori
1053 400 1105 446 et
1137 394 1414 448 consulere
1452 393 1750 448 rationibus

193 492 388 546 nostris
423 491 782 559 sempiternis,
822 491 915 546 Cui
954 491 1189 559 negotiO,
1230 493 1376 560 quod
1415 501 1750 548 momentum

191 592 353 645 habet
398 608 580 646 rerum
625 591 870 645 omnium
911 590 1224 659 maximum,
1277 593 1485 646 nullum
1538 599 1750 660 tempus

191 689 422 744 inveniri
483 697 657 758 potest
711 689 882 756 magis
938 689 1254 758 propitium,
1308 708 1471 759 quam
1516 690 1628 745 dies
1674 690 1750 745 illi

189 787 344 855 sacri,
392 787 485 856 qui
524 787 578 841 in
629 787 939 842 meditanda
977 787 1085 842 vita
1135 788 1313 842 futura
1351 796 1642 856 ponuntur.

257 886 339 942 28.
393 889 565 955 Atque
616 887 821 941 utinam
866 887 1039 954 nobiS,
1086 895 1145 941 ut
1187 887 1237 942 S.
1287 887 1491 955 Ioanni,
1545 887 1652 942 sint
1694 888 1749 942 in

188 986 394 1041 deliciis
447 1004 554 1040 non
604 986 854 1041 exercitia
903 989 1095 1054 solum,
1149 989 1240 1042 sed
1285 995 1496 1056 praeter
1538 989 1749 1055 regulas

188 1087 349 1141 etiam
427 1086 567 1141 vitae
650 1086 935 1141 Beatorum
1008 1095 1337 1141 nostrorum.
1415 1088 1524 1142 Hae
1604 1087 1747 1142 enim

187 1185 425 1240 viventes
469 1193 593 1240 sunt
641 1186 875 1253 regulae,
924 1186 1119 1240 horum
1159 1186 1445 1240 Beatorum
1484 1185 1666 1253 gestis,
1698 1194 1749 1241 et

187 1302 293 1339 non
343 1284 592 1352 aliorum,
641 1286 706 1339 ad
758 1285 982 1339 modum
1034 1284 1249 1340 vivendi
1299 1284 1576 1340 Societatis
1627 1302 1748 1353 pro-

186 1383 365 1451 prium
417 1384 712 1439 erudimur.
767 1383 960 1438 Omnes
1022 1383 1244 1452 quidem
1294 1383 1471 1438 Sancti
1521 1391 1573 1439 et
1620 1383 1747 1439 San-

185 1491 299 1537 ctae
342 1482 435 1537 Dei
479 1490 602 1537 sunt
647 1483 935 1537 venerandi
974 1499 1336 1551 summopere,
1367 1501 1463 1537 nec
1500 1491 1745 1537 nostrum

186 1591 264 1636 est
308 1584 595 1637 decernere
650 1582 771 1650 quis
825 1582 930 1636 alio
975 1582 1045 1636 sit
1087 1582 1429 1637 eminentior.
1478 1581 1578 1637 Sed
1622 1599 1745 1637 cum

185 1683 321 1737 Deus
360 1682 505 1749 velit,
545 1690 605 1736 ut
641 1699 748 1736 non
795 1681 955 1735 aliam
989 1699 1153 1749 quam
1197 1689 1503 1736 nostrarum
1542 1681 1747 1737 Consti-

184 1781 454 1835 tutionum
492 1781 632 1834 viam
672 1789 966 1848 teneamus„
1014 1780 1109 1848 qui
1143 1797 1261 1835 eam
1296 1788 1740 1848 commonstrant,

182 1879 219 1933 ii
265 1879 524 1947 sequendi
575 1887 714 1933 sunt.
767 1880 1087 1934 Nostrorum
1137 1879 1303 1945 igitur
1348 1879 1588 1934 virorum
1628 1897 1745 1934 san-

183 1978 363 2033 ctitate
413 1978 800 2047 praestantium
852 1987 967 2033 acta
1016 1979 1253 2034 studiose
1289 1981 1448 2047 leget,
1503 1978 1596 2047 qui
1640 1979 1746 2048 spi-

182 2078 316 2133 ritus
372 2096 562 2146 capere
617 2078 743 2133 velit
800 2080 917 2133 Iesu
973 2078 1234 2133 Societate
1291 2078 1482 2146 dignos
1556 2078 1742 2148 illique

182 2186 582 2233 consentaneos.
639 2178 695 2232 ld
758 2186 997 2247 spectant
1065 2178 1228 2233 etiam
1298 2180 1516 2246 regulae
1586 2179 1743 2233 Prae-

183 2277 304 2332 fecti
336 2279 597 2332 lectorum
631 2279 696 2332 ad
732 2295 994 2345 mensam,
1025 2295 1163 2346 quae
1201 2277 1346 2346 piam
1383 2295 1496 2332 esse
1535 2279 1736 2345 volunt,

182 2394 320 2444 quae
393 2377 455 2430 fit
521 2377 575 2430 in
636 2376 870 2431 triclinio
945 2377 1248 2432 lectionem.
1321 2378 1523 2445 Regula
1595 2377 1739 2432 enim

181 2475 388 2530 decima
426 2475 819 2543 praefiniuntur
861 2476 985 2530 libri
1033 2477 1338 2532 &taminati
1374 2484 1423 2532 et
1451 2477 1671 2545 probati
1707 2496 1741 2531 a

178 2575 548 2641 Provincialz',·
592 2574 716 2629 dein
759 2575 859 2629 hoc
904 2575 1155 2630 statuitur
1220 2594 1230 2629 :
1295 2582 1452 2645 atque
1494 2576 1586 2630 illi
1633 2593 1740 2630 esse

179 2674 365 2728 debent
388 2672 577 2740 (libri),
609 2675 704 2742 qui
739 2680 789 2728 et
825 2675 1081 2742 pietatem
1122 2682 1468 2742 promoveant
1509 2682 1558 2730 et
1593 2694 1739 2730 voca-

180 2774 343 2828 tionis
373 2774 630 2841 propriae
660 2775 996 2841 propositum
1028 2775 1345 2842 confirmare
1372 2775 1596 2843 possint.
1629 2776 1736 2829 Hos

178 2873 407 2941 probare
468 2873 779 2928 Provinciae
835 2873 1144 2942 Praeposito
1199 2874 1339 2941 licet,
1393 2873 1487 2942 qui
1536 2875 1603 2930 ad
1647 2874 1738 2928 fir-

179 2973 437 3026 mandum
472 2971 808 3039 propositum
845 2973 1071 3040 valeant,
1101 2989 1208 3026 non
1243 2972 1465 3040 alienae,
1496 2974 1587 3028 sed
1614 2990 1737 3041 pro-

177 3070 325 3138 priae
363 3071 675 3126 vocationis.
720 3071 905 3139 Itaque
942 3072 1159 3126 arcendi
1197 3079 1321 3125 sunt
1369 3071 1406 3125 ii
1456 3071 1598 3138 libri,
1640 3071 1734 3139 qui

178 3171 259 3225 vel
315 3171 380 3225 ad
442 3170 545 3224 alia
590 3170 729 3225 vitae
772 3170 1014 3226 instituta
1064 3171 1350 3239 pertinent,
1400 3173 1479 3226 vel
1524 3171 1733 3239 profani

181 3262 461 3332 quidpiam
512 3265 773 3320 redolent.

1819 905 1886 956 iis,
1916 919 2028 959 quae
2049 907 2092 951 in

1874 960 2040 1006 deliciis

1818 1069 1822 1073 ὁ
1865 1015 2046 1061 fuerunt

1834 1069 1875 1114 S.
1900 1071 2073 1125 loanni;

1804 1892 1994 1939 lectione
2014 1893 2087 1949 pia

1800 2577 1853 2621 ad
1873 2591 2087 2623 mensam.
