2315 3559
515 226 616 283 346
937 246 1256 286 SUMMARIUM
1296 245 1659 285 EPISTOLARUM

517 536 579 591 ΙΙ.
620 553 685 591 AD
724 550 1100 591 scnoms'rlcos
1134 550 1279 589 COLL.
1322 551 1653 604 GANDIENSIS,
1682 535 1749 591 29
1784 536 1901 591 iulii
1943 536 2078 593 1547

948 687 1024 742 De
1043 687 1281 755 perfecta
1305 687 1638 743 oboedientia

723 797 1013 865 praecipue
1037 813 1167 864 erya
1190 797 1492 864 superiores
1520 797 1862 852 immediatos

994 915 1165 983 (Tom.
1198 915 1237 983 Ι,
1273 933 1362 983 pp.
1393 914 1598 984 48-31.)

540 1100 576 1143 1.
624 1097 839 1152 Quoniam
872 1097 1136 1152 Superiores
1177 1096 1475 1142 constituendi
1511 1097 1707 1151 fuerunt,
1743 1097 1889 1142 ubivis
1938 1097 2079 1142 nostri

622 1198 808 1229 numero
845 1184 1106 1236 coaluerint,
1149 1183 1355 1228 videntur
1390 1183 1519 1228 etiam
1554 1183 1841 1237 praeficiendi
1883 1182 2081 1238 collegiis

624 1270 818 1315 Gandiae
841 1275 884 1314 et
899 1268 1142 1314 Valentiae.

538 1359 577 1402 ιιε)

631 1357 869 1403 Consilium
932 1356 1241 1412 praeponendi
1300 1355 1564 1410 Superiores
1616 1356 1827 1400 suadetur
1880 1355 2081 1410 exemplo

623 1444 818 1489 omnium
842 1443 1053 1497 gentium.
1089 1442 1141 1486 Et
1160 1442 1377 1496 imprimis
1410 1441 1611 1496 exemplo
1633 1441 1790 1486 Christi
1821 1441 2082 1496 parentibus

622 1530 801 1584 subditi,
826 1529 1026 1583 exemplo
1062 1528 1107 1572 B.
1133 1528 1294 1573 Mariae
1330 1528 1538 1583 Virginis,
1563 1533 1607 1572 et
1641 1528 1842 1582 exemplo
1880 1527 1997 1572 Petri
2027 1527 2081 1572 ab

622 1618 719 1672 ipso
741 1616 911 1661 Christo
935 1616 1081 1660 coetui
1098 1615 1342 1670 apostolico
1365 1614 1626 1670 praepositi.

539 1703 579 1748 3.
613 1703 676 1748 lta
696 1702 826 1747 etiam
844 1701 1043 1746 coetibus
1065 1700 1407 1745 christianorum
1425 1714 1603 1754 semper
1617 1699 1831 1754 praefecti
1848 1698 2080 1743 antistites.

540 1791 578 1834 4.
614 1789 734 1834 ldem
756 1788 967 1833 suadetur
988 1801 1040 1832 ex
1059 1787 1331 1842 praestantia
1362 1786 1685 1840 oboedientiae,
1706 1799 1818 1840 quae
1839 1785 1997 1829 melior
2018 1790 2086 1829 est

622 1889 753 1930 quam
771 1874 991 1927 victimae,
1005 1887 1117 1927 quae
1139 1878 1281 1917 mater
1300 1872 1512 1916 virtutum
1534 1871 1708 1923 dicitur,
1722 1876 1765 1915 et
1780 1870 1926 1915 reddit
1945 1869 2084 1914 Deum

623 1961 885 2018 propitium.

539 2049 580 2093 5.
613 2045 905 2093 Oboedientia
927 2045 980 2089 ab
1003 2043 1234 2089 erroribus
1253 2056 1334 2087 nos
1356 2042 1530 2096 liberat,
1553 2042 1597 2086 in
1619 2040 1942 2086 tentationibus
1958 2054 2086 2095 prae-

621 2133 698 2177 bet
719 2131 965 2184 victoriam,
984 2129 1118 2175 habet
1138 2128 1333 2184 speciem
1355 2127 1574 2183 praeclari
1590 2127 1807 2181 martyrii.

540 2221 579 2265 6.
615 2219 690 2264 Vir
711 2218 956 2265 oboediens
978 2216 1181 2271 expedite
1203 2221 1248 2260 et
1275 2228 1437 2269 magno
1459 2214 1618 2259 merito
1641 2214 1745 2259 terit
1760 2213 1874 2258 viam
1896 2212 2084 2264 virtutis,

622 2319 783 2361 magno
813 2304 1016 2349 caelestis
1048 2302 1218 2358 patriae
1252 2301 1548 2347 oblectatione
1570 2300 1862 2355 demulcetur,
1885 2306 1930 2345 et
1959 2299 2084 2345 artis-

624 2392 734 2437 sime
751 2390 841 2435 Deo
865 2403 1036 2435 summe
1056 2389 1175 2433 bono
1198 2387 1419 2432 adhaeret.

540 2478 624 2524 7-8.
659 2477 877 2522 Institutio
900 2475 1189 2530 Superiorum
1212 2472 1467 2518 necessaria
1497 2478 1565 2517 est
1593 2477 1642 2516 ut
1672 2476 1910 2516 serventur
1931 2475 2085 2516 coetus

624 2563 837 2619 religiosi,
859 2568 908 2607 ut
935 2562 1053 2607 bene
1083 2560 1406 2616 gubernentur,
1430 2564 1479 2604 ut
1507 2557 1715 2613 graviore
1746 2571 1883 2602 onere
1913 2557 2086 2602 levetur

627 2649 910 2705 Praepositus
933 2648 1172 2703 generalis,
1191 2653 1235 2691 et
1251 2646 1480 2702 speciatim
1496 2652 1545 2691 ut
1562 2644 1723 2700 singuli
1740 2643 2082 2698 oboedientiam,

625 2742 673 2781 ut
693 2740 883 2792 oportet,
904 2739 1154 2779 exerceant.
1180 2733 1273 2786 Qua
1295 2731 1577 2778 oboedientia
1592 2731 1698 2776 nihil
1718 2730 1859 2785 magis
1875 2730 1920 2774 in
1941 2729 2085 2775 Socie-

623 2829 711 2868 tate
728 2821 933 2866 omnibus
952 2820 1255 2865 necessarium
1278 2825 1360 2873 est,
1379 2818 1510 2864 etiam
1532 2817 1860 2874 Superioribus.

540 2910 580 2954 9.
615 2909 754 2953 Porro
772 2906 1034 2962 Superiores
1057 2905 1341 2951 observantia
1361 2904 1535 2949 colendi
1556 2910 1604 2949 ut
1624 2903 1782 2948 Christi
1805 2901 1970 2947 vicarii.

515 2997 580 3042 10.
615 2995 676 3040 Ex
705 2994 832 3039 dictis
855 2992 1172 3048 comprobatur
1189 2992 1293 3046 quid
1317 2992 1371 3037 de
1388 2990 1697 3036 oboedientiae
1720 2989 1863 3034 studio
1887 2988 2083 3034 sentien-

628 3081 731 3126 dum
755 3080 824 3125 sit.
