2315 3559
551 214 653 271 378
975 236 1296 275 sUMMARIUM
1335 238 1699 278 EPISTOLARUM

662 379 887 433 quendus;
910 382 1042 426 modo
1064 396 1215 426 curam
1247 388 1291 427 et
1319 385 1643 429 correctionem
1665 399 1905 441 numquam
1927 388 2111 442 omittat,
2160 435 2163 438 ,

660 465 790 511 nullis
812 467 1138 513 difficultatibus
1159 469 1300 523 cedat,
1334 476 1378 515 et
1403 470 1583 525 abusus,
1616 477 1853 527 antequam
1884 473 2114 519 suborian-

659 557 746 606 tur,
769 560 896 598 caute
917 555 1190 608 praeveniat.

548 636 614 680 4⁶2.
658 638 880 683 Hactenus
903 640 1018 684 dicta
1038 641 1266 695 pertinent
1286 642 1416 686 etiam
1439 643 1492 687 ad
1511 644 1824 698 Provinciales,
1847 647 2111 700 praesertim

657 723 700 767 in
720 724 967 770 visitatione
989 726 1225 780 diligenter
1245 727 1528 772 instituenda.

547 812 613 856 43.
658 813 718 858 De
736 814 1013 860 subditorum
1035 816 1344 862 emendatione
1367 832 1606 873 numquam
1629 819 1972 874 desperandum.

546 899 613 943 44.
657 900 862 945 Fidelitas
910 901 955 945 in
994 904 1301 957 proponendis
1352 904 1594 950 candidatis
1641 906 1694 950 ad
1739 907 1940 961 regimen
1980 921 2111 962 quam

657 988 924 1032 necessaria.

544 1073 684 1118 45-46.
719 1073 903 1118 Maxima
923 1075 1085 1120 utilitas
1114 1083 1345 1122 accuratae
1376 1077 1728 1135 gubernationis,
1761 1079 1815 1123 ad
1846 1094 1978 1135 quam
2008 1094 2112 1125 con-

655 1160 827 1216 spirent
841 1176 941 1206 cum
962 1161 1276 1217 Superioribus
1299 1164 1475 1208 subditi.

545 1344 901 1402 EPISTOLA
948 1345 1015 1402 R.
1069 1347 1132 1401 P.
1185 1347 1256 1402 N.
1305 1345 1598 1405 ALOYSII
1655 1347 2108 1406 CENTURIONI

611 1500 677 1538 AD
706 1501 900 1540 PATREs
929 1502 991 1539 ET
1019 1501 1250 1540 FRATRES
1278 1502 1595 1555 socmrAris,
1636 1487 1703 1543 029
1741 1487 1876 1542 iunii
1905 1488 2041 1543 1756

872 1617 949 1672 De
985 1618 1192 1685 spirim
1228 1625 1440 1673 nostrae
1477 1620 1768 1674 vocationis

977 1738 1148 1806 (Tom.
1181 1740 1246 1807 ll,
1277 1757 1366 1808 pp.
1399 1739 1673 1808 226-0256.)

568 1901 606 1944 1.
648 1900 714 1946 Ob
746 1900 898 1944 oculos
927 1901 1164 1955 ponendus
1186 1901 1368 1956 spiritus
1399 1902 1644 1947 vocationis
1676 1908 1871 1957 nostrae,
1905 1903 1980 1958 qui
2011 1903 2108 1949 eius

650 1993 755 2033 nota
776 1994 819 2033 et
839 1989 1070 2033 character
1099 1995 1182 2043 est,
1214 1995 1258 2034 et
1287 1990 1412 2035 cuius
1443 1990 1606 2035 oblivio
1637 1990 1682 2035 in
1714 2005 1934 2036 summum
1956 1991 2108 2037 discri-

649 2089 752 2119 men
770 2074 1033 2120 Societatem
1050 2075 1305 2120 adduceret.

565 2159 605 2204 2
649 2160 726 2205 Est
745 2160 816 2205 ille
839 2160 1020 2214 spiritus
1051 2161 1186 2205 ardor
1204 2162 1385 2206 maioris
1409 2162 1484 2206 Dei
1507 2162 1674 2217 gloriae
1697 2169 1740 2207 et
1762 2163 1913 2208 salutis
1943 2163 2106 2208 anima-

648 2260 747 2290 rum
767 2245 1078 2300 procurandae
1098 2260 1182 2301 per
1200 2246 1352 2291 munia
1371 2247 1600 2292 Societatis
1621 2253 1845 2303 tamquam
1864 2248 2025 2303 media,
2054 2263 2107 2294 ex

647 2332 838 2377 formula
860 2332 1064 2378 Instituti.

536 2417 622 2462 3-4.
647 2419 695 2463 In
719 2432 806 2472 qua
826 2418 866 2463 S.
890 2418 934 2462 P.
953 2418 1002 2462 N.
1022 2418 1215 2473 primum
1237 2418 1465 2463 Societatis
1485 2419 1619 2464 finem
1641 2419 1920 2475 determinat,
1945 2420 2104 2465 deinde

646 2504 926 2549 incessanter
941 2504 1259 2549 intendendum
1279 2505 1559 2560 praescribit.

563 2590 603 2635 5.
647 2590 811 2636 Omnes
832 2590 968 2644 igitur
988 2596 1192 2635 tenemur
1218 2592 1271 2636 ad
1294 2592 1518 2637 assiduum
1539 2591 1737 2637 laborem
1758 2606 1840 2647 pro
1864 2592 2106 2637 sanctifica-

646 2677 766 2722 tione
789 2677 1055 2722 animarum.

534 2764 647 2809 6-10.
682 2764 835 2818 Neque
853 2764 1025 2817 sufficit,
1045 2771 1093 2808 ut
1110 2765 1207 2819 quis
1223 2765 1433 2820 propriae
1455 2765 1582 2810 saluti
1600 2771 1643 2810 et
1657 2765 1921 2820 perfectioni
1936 2766 2104 2810 incum-

645 2849 733 2902 bat,
777 2864 877 2894 cum
916 2864 1005 2894 non
1038 2851 1146 2894 haec
1177 2851 1233 2895 sit
1263 2857 1367 2895 nota
1400 2851 1605 2896 Societati
1634 2852 1830 2906 propria,
1865 2852 1943 2896 sed
1977 2851 2104 2897 labor

643 2950 727 2991 pro
749 2936 860 2991 aliis,
885 2936 980 2981 sine
1003 2950 1090 2991 quo
1122 2951 1178 2981 ne
1198 2937 1379 2992 propria
1404 2937 1582 2992 quidem
1613 2937 1730 2982 salus
1757 2943 1800 2982 et
1819 2937 2034 2992 perfectio
2056 2938 2101 2982 in

644 3028 737 3067 tuto
769 3028 851 3076 est,
876 3023 969 3067 sive
990 3023 1331 3077 neglegentibus
1353 3023 1571 3078 denegata
1599 3023 1808 3068 uberiore
1829 3023 1982 3078 gratia,
2008 3023 2101 3069 sive

645 3110 876 3155 deficiente
898 3109 1050 3154 otiosis
1072 3110 1191 3154 omni
1212 3110 1386 3163 merito,
1418 3110 1511 3154 sive
1539 3115 1767 3154 contracta
1785 3124 1868 3165 per
1888 3110 2100 3155 desidiam

644 3198 768 3253 gravi
786 3198 915 3254 culpa
939 3213 947 3242 :
971 3198 1015 3242 in
1038 3198 1193 3252 Deum,
1218 3198 1291 3252 qui
1314 3212 1395 3243 nos
1417 3198 1469 3242 ad
1492 3197 1689 3243 laborem
1712 3198 1865 3252 elegit;
1889 3198 1933 3242 in
1954 3199 2100 3253 proxi-
