2315 3559
605 616 1301 706 EPISTOLA

261 817 343 879 R.
413 818 489 878 P.
560 818 638 878 N.
709 817 1184 880 Lenoi‘ioi
1252 817 1634 879 MARTIN

577 1001 647 1045 AD
681 1002 758 1045 PP.
793 1002 1178 1047 PROVINCIALES
1209 1003 1248 1046 S.
1283 1002 1314 1045 1.

209 1394 310 1441 QUO
355 1394 541 1432 STUDIO
586 1394 860 1432 TRADENDA
899 1394 1015 1431 SINT
1054 1391 1328 1430 EXERCITIA
1367 1392 1695 1429 SPIRITL'ALIA

713 1494 754 1531 S.
799 1494 845 1530 P.
891 1494 941 1530 N.
985 1491 1182 1529 IGNATII

380 1691 768 1741 Reverendo
805 1691 872 1739 in
911 1687 1177 1739 Christo
1216 1688 1446 1749 Pater,

587 1808 641 1862 Ρ.
674 1808 726 1862 C.

243 1959 357 2013 L’na
401 1977 523 2013 cum
574 1960 671 2012 hae
722 1958 946 2026 epistola
984 1956 1209 2025 perferri
1254 1955 1385 2009 iussi
1436 1957 1502 2010 ad
1541 1955 1620 2008 Rm
1651 1955 1727 2007 Vm

172 2059 503 2128 Apostolicas
564 2057 807 2125 Litteras,
863 2056 1058 2124 quibus
1121 2055 1497 2109 Sanctissimus
1548 2054 1727 2108 Domi-

173 2175 271 2211 nus
317 2158 420 2211 Leo
478 2157 532 2210 P.
583 2157 638 2210 P.
691 2156 807 2209 XIII
861 2154 1159 2223 spiritualia
1203 2153 1344 2207 beati
1395 2153 1631 2220 parentis
1676 2161 1725 2206 et

171 2257 464 2311 conditoris
511 2256 680 2310 nostri
720 2254 981 2309 Exercitia
1019 2252 1305 2321 praeclaris
1344 2253 1581 2306 cumulat
1615 2253 1726 2306 lau-

172 2356 353 2418 dibus;
407 2354 864 2424 amplissimisque
914 2361 1168 2421 paternae
1228 2351 1464 2406 caritatis
1522 2350 1725 2417 signifi-

171 2455 469 2510 cationibus
497 2453 842 2522 prosequitur
870 2451 1175 2507 Provincias
1203 2451 1338 2517 illas,
1369 2467 1506 2518 quae
1533 2450 1722 2504 domos

173 2562 492 2620 statuerunt,
523 2570 630 2620 quo
658 2551 857 2620 pluries
889 2569 984 2620 per
1011 2568 1210 2604 annum
1238 2550 1293 2603 in
1329 2567 1539 2603 sacrum
1569 2549 1723 2602 Exer-

171 2653 423 2708 citiorum
490 2669 757 2706 secessum
823 2651 1142 2704 christianos
1193 2648 1466 2717 operarios
1521 2648 1722 2716 recipe-

173 2761 307 2807 rent.
361 2752 504 2815 Quae
563 2750 771 2805 Summi
822 2749 1094 2804 Pontiticis
1138 2749 1346 2803 litterae
1395 2756 1571 2802 tantae
1625 2765 1720 2815 per

173 2870 227 2906 se
266 2860 389 2905 sunt
437 2849 770 2905 auctoritatis
814 2857 866 2903 et
909 2848 1180 2916 ponderiS‚
1227 2856 1286 2901 ut
1335 2848 1427 2901 abs
1483 2864 1539 2900 re
1585 2847 1720 2900 foret

171 2951 274 3005 alia
324 2950 519 3005 nostris
570 2949 914 3003 incitamenta
963 2949 1178 3014 addere,
1218 2955 1277 3001 ut
1314 2955 1519 3001 ceterae
1557 2945 1717 2999 etiam

174 3049 484 3104 Provinciae
512 3065 696 3103 earum
725 3049 962 3115 exempla
989 3047 1286 3112 imitentur,
1317 3055 1368 3100 et
1406 3044 1717 3098 huiusmodi

172 3149 556 3204 Exercitiorum
601 3149 790 3202 domos
816 3163 912 3214 pro
940 3146 1143 3201 viribus
1182 3145 1482 3200 excitandas
1509 3151 1712 3198 curent.
