2315 3559
253 196 317 234 DE
359 192 629 233 PEfucums
667 191 954 230 TEMroRcM
995 190 1309 230 Nos‘rnonUM
1349 190 1599 228 CAVENDIS
1635 173 1734 228 3119

180 339 376 393 simum
432 338 562 392 illud
614 352 888 390 armorum
940 352 1126 402 genuS,
1174 333 1319 401 quod
1371 332 1730 400 spiritualium

180 437 566 491 Exercitiorum
618 452 798 489 mense
849 434 1179 498 continetur;
1230 431 1504 498 vetuitque
1554 447 1619 484 ne
1670 432 1733 483 de

179 546 318 591 statu
357 537 603 604 eligendo
643 543 734 589 aut
771 535 835 588 de
876 533 1255 588 reformatione
1287 532 1423 584 vitae
1463 538 1729 596 ageretur,

176 637 279 690 nisi
324 636 472 705 prius
522 635 751 701 animus,
793 633 941 688 omni
986 634 1244 686 scelerum
1285 632 1441 685 sorde
1486 637 1730 698 purgata,

178 745 228 791 et
278 736 583 790 inordinata
626 733 773 788 omni
823 733 1022 787 amoris
1073 731 1330 786 sensualis
1381 738 1431 784 et
1475 729 1735 782 mundani

178 836 507 905 appetitione
544 833 860 902 composita,
903 850 1015 886 sese
1055 839 1368 900 promptum
1409 829 1631 884 sentiret
1668 830 1731 882 ad

180 935 443 1003 vituperia
504 942 555 988 et
612 933 808 1001 probra
868 930 1257 1000 amplectenda,
1306 929 1349 983 si
1399 929 1505 982 Deo
1557 928 1732 981 visum

178 1046 332 1105 esset,
362 1045 421 1091 ut
446 1036 716 1091 Christum
744 1035 965 1103 propius
994 1041 1325 1102 sequeretur.
1359 1032 1529 1086 Probe
1555 1039 1733 1085 autem

177 1154 398 1191 noscens
466 1143 728 1204 quantum
797 1135 862 1188 ab
929 1133 1094 1188 animi
1156 1132 1482 1187 demissione
1543 1131 1737 1184 abhor-

177 1254 409 1304 reamuS,
457 1244 508 1290 et
563 1252 760 1289 vanum
821 1235 1084 1288 honorem
1145 1251 1202 1286 ac
1258 1232 1487 1300 gloriam
1532 1230 1737 1284 ambia-

179 1355 315 1404 mus,
371 1337 454 1390 vix
521 1335 714 1390 exactis
777 1335 982 1403 primae
1048 1333 1421 1387 hebdomadae
1486 1331 1736 1386 exercita—

176 1438 413 1493 tionibus
464 1445 514 1491 et
552 1434 1115 1500 commentationibus,
1147 1452 1242 1502 per
1280 1433 1549 1500 reliquum
1589 1449 1738 1485 men-

177 1555 288 1592 sem
319 1537 457 1591 vires
485 1553 669 1590 omnes
698 1552 959 1602 curasque
994 1533 1223 1588 intendit
1261 1534 1326 1587 ad
1363 1531 1734 1586 difficillimam

178 1638 314 1691 hanc
359 1636 640 1705 superbiae
690 1652 868 1688 arcem
924 1634 1334 1702 expugnandam
1384 1639 1544 1699 atque
1590 1648 1738 1685 ever-

182 1737 414 1791 tendam.
470 1736 584 1789 Huc
633 1741 873 1803 spectant
922 1731 1401 1786 commentationes
1443 1731 1507 1784 de
1552 1730 1736 1796 Regno

178 1836 393 1904 Christi,
447 1837 511 1890 de
562 1834 771 1890 duobus
826 1833 1048 1899 vexilliS,
1107 1833 1172 1887 de
1229 1831 1400 1885 tribus
1450 1831 1735 1884 hominum

177 1936 451 2003 classibus,
500 1937 602 1990 huc
647 1943 753 1989 tres
804 1933 953 1988 modi
997 1932 1336 2000 humilitatis,
1378 1933 1482 1986 huc
1517 1933 1733 1986 demum

177 2035 657 2092 commentationes
702 2051 887 2089 omnes
932 2035 996 2088 de
1042 2033 1150 2087 vita
1194 2032 1390 2087 Christi
1428 2050 1487 2086 ac
1526 2031 1738 2100 potissi-

179 2155 329 2192 mum
380 2137 445 2191 de
495 2135 608 2190 eius
659 2134 910 2189 Passione
961 2141 1012 2188 et
1061 2133 1246 2199 Morte,
1290 2150 1423 2200 quas
1473 2149 1568 2200 per
1605 2131 1739 2185 inte-

178 2255 338 2305 grum
383 2238 491 2291 sere
542 2252 782 2290 mensem
833 2233 1249 2289 considerationi
1294 2250 1352 2286 ac
1397 2231 1736 2287 meditationi

179 2345 393 2392 nostrae
454 2335 723 2404 proponit.
784 2335 894 2389 Hoc
951 2334 1095 2389 enim
1151 2333 1462 2387 firmissime
1521 2349 1738 2400 persua-

181 2453 300 2491 sum
345 2435 594 2501 habebat,
641 2435 740 2487 hac
779 2440 1078 2501 expugnata
1116 2449 1408 2499 eversaque
1447 2448 1584 2498 arce,
1627 2448 1738 2485 cer-

180 2543 290 2589 tam
340 2533 623 2588 victoriam
678 2540 917 2586 nostram
968 2532 1234 2597 futuram,
1288 2531 1497 2599 integra
1547 2529 1636 2583 illa
1686 2538 1738 2583 et

180 2633 456 2700 incolumi,
504 2640 714 2686 nostros
753 2648 938 2686 omnes
983 2638 1203 2685 conatus
1242 2630 1423 2684 irritos
1461 2646 1732 2694 cessuros3

181 2751 303 2787 cum
349 2732 712 2800 intemperans
750 2748 902 2785 amor
946 2730 1026 2784 sui
1067 2730 1253 2798 ipsius,
1296 2737 1347 2783 et
1380 2729 1735 2783 immoderata

183 2849 308 2886 suae
345 2831 518 2885 laudis
556 2830 867 2898 gloriaeque
906 2829 1282 2898 adipiscendae
1316 2828 1581 2896 cupiditas
1615 2844 1737 2880 con-

184 2932 370 2986 sistere
414 2938 645 2999 nequeat
693 2947 816 2983 cum
861 2947 987 2984 vero
1038 2929 1354 2997 sinceroque
1405 2928 1581 2983 studio
1625 2927 1737 2993 glo-

184 3031 294 3085 riae
339 3029 450 3084 Dei.

253 3129 456 3185 Idcirco
515 3127 699 3195 vetuit,
750 3144 815 3182 ne
861 3127 915 3181 in
959 3126 1275 3182 Societatem
1324 3125 1737 3181 admitterentur

1823 3150 1867 3188 et
1888 3156 1943 3187 ne
1962 3143 2060 3198 quis
