2315 3559
197 1562 275 1606 Hic
306 1562 487 1616 spiritus

252 1618 432 1662 omnino

204 1673 428 1727 discrepat
455 1686 480 1716 a

259 1728 418 1783 spiritu

223 1783 467 1828 Societatis.

230 2669 375 2722 Quare
396 2669 450 2713 ad

279 2725 399 2769 illum

197 2780 487 2837 avertendum

245 2835 286 2879 S.
313 2835 442 2879 Pater

267 2890 299 2933 N
306 2897 427 2934 oster

198 2946 490 3000 praescripsit

245 3015 444 3044 mensem

180 3054 213 3099 E
222 3056 506 3100 xercitiorum

181 3110 474 3165 spiritualium
494 3126 504 3166 ;

549 189 651 245 318
809 208 1058 248 EPISTOLA
1098 211 1146 249 R.
1192 211 1237 249 P.
1281 212 1332 249 N.
1377 208 1620 249 Lunovlci
1661 208 1859 250 ΜΑΒΤΙΝ

550 351 747 420 scripta
773 354 839 408 ad
867 355 1069 409 amoris
1092 356 1297 424 proprii
1324 355 1710 424 propensiones
1733 355 2117 425 suasionesque

550 454 1051 521 accommodarenss
1112 455 1255 509 illius
1316 457 1650 509 voluntatem
1711 456 1777 510 ad
1839 456 2115 524 propriam

551 553 894 622 detorquere,
948 563 999 609 et
1053 556 1119 609 ad
1183 573 1242 610 ea
1305 573 1443 624 quae
1504 563 1657 623 grata
1712 563 1836 609 sunt
1885 555 2117 610 iubenda

550 654 865 721 pertrahere
944 656 1304 709 conarentur?
1365 655 1516 723 quid,
1595 655 1639 710 si
1719 673 1846 722 agre
1917 656 2118 711 ferrent

551 751 695 807 iussa
755 771 895 821 quae
956 753 1168 822 ingrata
1238 753 1344 808 sint
1409 762 1462 808 et
1533 756 1795 819 molesta;
1867 754 1912 808 si
1979 755 2118 809 votis

550 852 852 907 excidentes
902 862 1206 908 maererent
1255 861 1307 908 et
1356 862 1743 923 quererentur;
1797 853 1841 908 si
1893 855 2121 923 despon-

551 952 739 1007 derent
777 953 1041 1021 animum,
1084 971 1206 1008 curn
1246 954 1350 1008 alia
1389 954 1745 1023 imponuntur
1783 954 1986 1022 munia,
2028 963 2120 1009 aut

550 1052 655 1106 alia
722 1052 776 1105 in
839 1052 943 1106 illis
1013 1052 1275 1108 obeundis
1338 1053 1475 1108 ratio
1535 1053 1899 1121 constituitur,
1953 1071 2118 1122 quam

551 1169 690 1220 quae
734 1152 839 1206 illis
878 1152 1153 1207 arrident?
1192 1153 1332 1208 Haec
1378 1153 1523 1208 enim
1569 1153 1753 1208 omnia
1796 1153 1927 1222 quid
1971 1152 2117 1207 aliud

551 1260 745 1320 essent,
806 1252 910 1306 nisi
969 1253 1218 1320 germina
1280 1253 1423 1307 illius
1487 1253 1684 1320 morbi,
1749 1252 1844 1322 qui
1901 1270 2120 1307 omnem

550 1350 754 1405 circum
829 1351 1012 1407 infecit
1083 1370 1284 1420 aerem,
1356 1352 1561 1421 quique
1629 1352 1772 1421 ipsas
1840 1351 2119 1420 religiosas

551 1452 741 1506 domos
791 1452 1161 1507 contaminare
1199 1454 1461 1507 conatur?

618 1552 702 1607 42.
747 1553 857 1607 Iam
911 1571 1056 1622 vero,
1112 1554 1294 1608 Patres
1356 1554 1677 1622 Fratresque
1733 1552 2017 1620 carissimi,
2076 1553 2120 1607 si

551 1653 683 1723 quid
729 1671 992 1723 umquam
1044 1654 1162 1722 fuit,
1205 1655 1351 1723 quod
1405 1654 1640 1708 Instituti
1690 1653 1861 1708 nostri
1905 1653 2120 1721 spiritui

551 1762 895 1823 repugnaret,
938 1762 1018 1809 est
1060 1756 1301 1823 profecto
1345 1755 1477 1809 haec
1516 1754 1783 1809 sentiendi
1830 1762 1881 1808 et
1925 1753 2120 1821 agendi

551 1855 707 1910 ratio,
757 1855 889 1910 Cum
928 1855 1074 1910 enim
1114 1855 1335 1924 spiritus
1376 1854 1673 1909 vocationis
1719 1862 1934 1909 nostrae
1977 1862 2120 1908 totus

551 1955 605 2009 in
655 1955 963 2010 humilitate
1019 1956 1293 2023 fundetur,
1342 1963 1393 2009 et
1449 1954 1907 2009 absolutissimam
1962 1953 2121 2008 oboe-

551 2056 812 2111 dientiam
841 2056 1006 2112 veluti
1044 2057 1348 2126 symbolum
1387 2064 1699 2125 certamque
1738 2055 1895 2110 sociis
1923 2054 2122 2109 discer-

551 2156 742 2211 nendis
785 2164 1044 2211 tesseram
1089 2156 1382 2211 constituat
1396 2175 1408 2223 ;
1464 2157 1672 2210 nullum
1719 2154 1891 2222 magis
1930 2154 2122 2223 impla-

550 2257 779 2313 cabilem
852 2258 1065 2312 hostem
1138 2256 1374 2311 nancisci
1442 2263 1637 2325 potest,
1697 2272 1862 2324 quam
1930 2255 2119 2309 falsam

551 2358 688 2412 hanc
726 2357 1052 2425 libertatern,
1095 2374 1252 2426 quae,
1300 2357 1526 2411 honesto
1565 2354 1862 2411 nobilitatis
1900 2353 2120 2408 nomine

550 2466 831 2527 tantopere
880 2458 1277 2525 commendata,
1319 2456 1522 2525 ubique
1566 2455 1907 2524 arrogantiae
1945 2462 1997 2509 et
2039 2471 2121 2509 re-

549 2557 798 2613 bellionis
849 2557 1103 2626 spiritum
1155 2556 1452 2624 suscitavit,
1499 2557 1713 2624 lateque
1763 2554 2000 2610 diffudit.

619 2658 957 2726 Quapropter
1016 2657 1067 2711 S.
1135 2657 1290 2711 Pater
1353 2656 1611 2724 IgnatiUS,
1681 2663 1741 2710 ut
1806 2654 2117 2724 pestiferam

551 2760 688 2813 hanc
738 2759 882 2813 luem
936 2776 965 2812 a
1016 2765 1325 2811 nostrarum
1384 2758 1646 2811 domuum
1696 2755 1974 2809 liminibus
2036 2772 2120 2808 ar-

551 2867 713 2927 ceret,
744 2866 797 2913 et
835 2857 1017 2912 omnia
1054 2856 1216 2911 huius
1243 2858 1579 2925 corruptelae
1617 2855 1823 2911 semina
1856 2873 1884 2909 e
1921 2854 2118 2908 nostris

552 2958 748 3013 animis
786 2957 1000 3026 penitus
1039 2957 1308 3023 evelleret,
1351 2956 1485 3010 nihil
1526 2955 1848 3010 intentatum
1876 2954 2114 3022 reliquit,

552 3066 604 3113 et
657 3058 909 3113 omnibus
976 3073 1115 3124 quae
1170 3063 1517 3124 suppeterent
1575 3073 1702 3110 usus
1765 3062 1843 3109 est
1904 3053 2119 3109 validis-

552 3159 703 3214 simis
754 3157 1099 3214 adiumentiS.
1161 3156 1235 3210 Eo
1286 3156 1488 3212 scilicet
1546 3155 1812 3211 convertit
1861 3154 2119 3223 potentis-
