2315 3559
514 275 615 332 1802
686 292 936 332 EPISTOLA
975 293 1023 332 R.
1068 294 1114 333 P.
1157 295 1208 333 N.
1251 293 1371 333 ANT.
1422 293 1548 333 MAR.
1595 293 1905 333 ANDERLEDY

513 439 815 507 perandum
858 439 1214 508 Proepiscopo
1250 439 1516 493 hortatur.
1558 440 1671 494 Hoc
1703 439 1822 507 tibi,
1864 439 1957 508 ait,
1983 459 2082 508 pro

507 546 763 607 potestate
807 540 1030 608 imperO,
1071 546 1132 593 ut
1178 539 1409 593 Domino
1452 540 1801 608 Proepiscopo
1847 547 1893 595 te
1929 542 2083 596 valde

513 639 870 695 oboedientem
906 639 1224 706 praebeas...
1256 645 1305 692 et
1352 640 1582 705 adverte,
1637 639 1730 693 hoc
1778 657 1885 694 non
1927 658 1961 693 a
1996 658 2081 695 me

514 739 738 805 consuti,
814 740 904 793 sed
965 738 1256 804 mandari,·
1322 744 1479 807 atque
1550 740 1677 793 adeo
1752 740 1813 793 in
1884 739 2083 793 virtute

514 845 727 893 sanctae
763 838 1125 892 oboedientiae
1156 837 1458 905 prohiberi,
1489 855 1554 892 ne
1597 856 1930 907 quacumque
1969 845 2085 893 tan-

515 940 635 993 dem
678 956 742 993 esc
784 956 947 992 causa
994 937 1292 992 discidium
1342 956 1464 992 cum
1512 938 1862 1006 Proepiscopo
1911 939 2084 1008 facias

516 1046 612 1094 aut
635 1039 973 1094 simultatem
1009 1056 1274 1108 umquam
1311 1039 1487 1093 ullam
1514 1057 1636 1093 cum
1668 1056 1724 1093 eo
1748 1039 2079 1108 suscipias..

515 1141 663 1196 Attis
722 1141 1083 1196 sacerdotibus
1152 1142 1388 1195 multam
1447 1141 1723 1196 eoehibebts
1790 1142 2085 1197 veneratio-

516 1259 639 1296 nem
700 1259 759 1295 ac
807 1241 1167 1295 reverentiam
1186 1260 1207 1307 ,·
1267 1241 1473 1296 cavebis
1527 1247 1709 1296 autem
1769 1242 2080 1310 ditiqenter,

516 1359 582 1396 ne
634 1358 959 1410 quemquam
1008 1358 1193 1395 eorum
1241 1358 1481 1409 spernas,
1535 1347 1632 1395 aut
1688 1342 1807 1395 utta
1859 1348 2086 1396 contem-

514 1447 640 1509 ptus
681 1441 851 1508 specie
886 1441 1136 1511 offendas.
1166 1439 1382 1494 Amicos
1417 1457 1598 1495 omnes
1625 1440 1792 1507 habe,·
1834 1441 2087 1508 praeluce

521 1542 593 1596 iis
618 1542 858 1609 ea‘empto
893 1540 1207 1595 oboediendi
1242 1541 1627 1609 Proepiscop0,·
1658 1541 1736 1596 sic
1779 1541 2087 1596 imitatione

517 1644 852 1697 sacerdotum
883 1641 1096 1709 pariter
1131 1642 1381 1695 omnium
1418 1641 1678 1696 condiscet
1710 1642 1947 1709 populus
1973 1642 2088 1709 ple-

519 1761 650 1798 nam
699 1748 857 1811 atque
907 1741 1198 1809 inteqram,
1247 1759 1412 1810 quam
1455 1740 1668 1808 pastori
1720 1759 1815 1795 suo
1863 1741 2088 1809 Proepi-

519 1861 666 1910 scopo
703 1842 868 1908 debet,
899 1841 1309 1896 oboedientiam.
1339 1840 1514 1910 Atque
1541 1841 1684 1895 hunc
1710 1841 1945 1909 eccempti
1970 1841 2088 1910 fru-

521 1950 665 1998 ctum
711 1942 852 1997 tanti
899 1942 1064 1996 velim
1114 1941 1380 2007 aestimeS,
1433 1947 1495 1995 ut
1536 1941 1703 2009 plane
1744 1948 1970 2003 statuas,
2020 1948 2084 2009 te,

520 2044 826 2112 praeeundo
881 2042 1084 2096 cunctis
1130 2041 1423 2109 specimine
1479 2041 1819 2095 humititatis
1855 2048 1905 2096 et
1946 2042 2090 2096 oboe-

146 2135 478 2209 Εὲξῗᾷζξξῖἷέᾃῗ·
524 2142 781 2208 dientiae,
837 2142 988 2209 tonqe
1030 2141 1159 2208 ptus
1209 2157 1374 2209 quam
1417 2140 1769 2193 contionando
1815 2139 2085 2207 proficere.

209 2217 415 2292 afifffffiia
592 2241 791 2297 lisdem
835 2239 1029 2296 litteris
1080 2257 1204 2294 eum
1249 2238 1529 2306 redarguit
1573 2238 1735 2293 etiam
1780 2238 2019 2293 severius
2074 2256 2084 2291 :

521 2344 632 2397 Pro
675 2359 749 2410 e0,
798 2341 994 2410 inquit,
1037 2340 1231 2411 quanti
1273 2340 1475 2408 referre
1518 2339 1757 2393 arbitror
1799 2340 1869 2393 ad
1906 2339 2090 2393 maius

522 2441 624 2497 Dei
648 2441 980 2511 obsequium,
1010 2440 1258 2495 eoehiberi
1284 2457 1315 2493 a
1356 2446 1402 2494 te
1438 2439 1788 2507 Proepiscopo
1813 2457 2089 2493 summam

523 2542 904 2598 demissionem
947 2548 997 2597 et
1039 2541 1465 2607 oboedientiam,
1509 2541 1714 2608 impero
1743 2540 1846 2594 tibi
1883 2540 1944 2594 in
1980 2540 2090 2594 vir-

527 2649 634 2698 tute
669 2648 883 2697 sanctae
920 2641 1300 2707 oboedientiae,
1343 2647 1404 2695 ut
1441 2641 1540 2695 hac
1572 2640 1733 2694 istius
1773 2639 2091 2694 indicatrice

518 2743 794 2812 praecepti
835 2742 1061 2810 epistola
1109 2741 1245 2808 visa,
1293 2759 1468 2795 coram
1514 2740 1864 2808 Proepiscopo
1895 2739 2091 2807 positis

527 2846 687 2900 humi
731 2845 958 2914 qenibus
1003 2844 1269 2912 procidas,
1318 2844 1637 2912 veniamque
1677 2842 1903 2910 supplex
1940 2848 2092 2909 petas

528 2944 1053 3001 inoboedientiarum
1079 2949 1129 2997 et
1160 2943 1465 3011 culparum,
1508 2942 1704 3012 quibus
1746 2941 1798 2996 ei
1836 2941 2091 2995 hactenus

527 3046 832 3102 molestiam
887 3044 1244 3113 facessivisti,
1295 3050 1410 3097 tum
1466 3043 1558 3097 itti
1606 3059 1836 3096 manum
1890 3040 2093 3094 oscula-

530 3148 689 3215 beris,
730 3145 1004 3215 profitens,
1054 3151 1100 3199 te
1144 3145 1286 3198 iusso
1340 3161 1454 3198 meo
1504 3144 1563 3197 id
1605 3143 1792 3212 facere.
1845 3140 1979 3195 Inde
2027 3140 2092 3194 ab

533 3250 627 3304 illo
688 3246 895 3312 audies,
945 3245 1077 3315 quid
1125 3245 1253 3300 vetit
1302 3263 1336 3299 a
1386 3251 1432 3300 te
1479 3243 1619 3311 sieri,
1660 3241 2092 3310 oboedienterque
