2315 3559
539 192 641 248 ‘336
799 209 1048 247 Ems'rom
1088 209 1136 248 R.
1181 210 1225 247 ι».
1269 211 1320 248 N.
1366 209 1607 247 Lunovlffl
1649 209 1847 247 MAR'rnx·

540 353 825 422 ripiantur,
871 372 977 409 non
1012 355 1244 422 amplius
1279 356 1461 409 dolere
1505 354 1607 408 erit
1639 354 1784 422 quod
1823 355 2101 422 hucusque

539 470 647 506 non
692 471 814 507 raro
860 453 1152 519 doluimuS,
1195 470 1304 520 eos,
1348 453 1441 520 qui
1487 469 1665 506 sacros
1710 470 1949 506 recessus
1989 470 2102 506 mo-

539 552 815 619 derantur,
848 552 961 620 pias
989 552 1212 619 quidem
1246 551 1728 605 commentationes
1768 552 2098 618 pervolvere,

539 669 598 706 ac
653 652 959 720 spirituales
1010 651 1273 718 quasdam
1324 651 1728 705 exercitationes
1779 667 2099 718 proponere,

539 769 635 805 nec
680 769 768 806 eas
808 769 935 805 sane
980 751 1156 803 fructu
1201 750 1502 817 destitutas,
1552 749 1778 804 minime
1818 767 1946 804 vero
1990 749 2105 818 Spi-
2173 759 2178 769 “

541 850 755 904 ritualia
817 849 1078 903 Exercitia
1140 849 1309 903 sancti
1364 849 1577 917 Ignatii,
1626 857 1678 903 et
1720 866 1843 902 cum
1894 848 2103 903 eximiis

540 951 644 1004 illis
697 950 835 1003 vitae
902 949 1298 1004 emendationis
1360 957 1411 1003 et
1472 948 1769 1003 sanctitatis
1820 948 2099 1015 fructibus,

540 1050 634 1118 qui
690 1050 831 1118 apud
884 1049 1117 1104 maiores
1174 1057 1386 1103 nostros
1443 1066 1504 1103 ex
1564 1048 1842 1103 Exerci‘tiis
1893 1065 2105 1116 semper

539 1150 797 1218 consequi
848 1157 1261 1204 consueverunt.
1329 1149 1688 1216 Meminerint,
1743 1166 1962 1217 quaeso,
2012 1149 2105 1202 Pa-

538 1257 665 1315 tres,
713 1249 931 1303 beatum
998 1249 1279 1303 parentem
1342 1255 1606 1315 nostrum,
1661 1247 1754 1315 qui
1799 1247 2104 1301 humilitate

539 1367 598 1403 ac
644 1348 909 1404 modestia
960 1349 1013 1402 in
1052 1348 1243 1417 primis
1289 1348 1541 1415 enitebat,
1583 1355 1634 1402 et
1672 1348 1737 1402 de
1787 1365 1842 1402 se
1885 1365 1944 1401 ac
1995 1347 2104 1401 suis

526 1448 791 1504 omnibus
853 1456 963 1502 tam
1032 1447 1264 1502 demisse
1326 1447 1589 1501 sentiebat
1655 1454 1705 1501 et
1760 1446 2100 1514 loquebatur,

539 1549 710 1604 nihilo
773 1548 952 1602 minus
1014 1548 1069 1602 in
1131 1565 1226 1601 sua
1284 1547 1509 1615 epistola
1568 1548 1633 1602 ad
1697 1547 2102 1600 Emmanuelem

540 1649 716 1703 Miona
776 1649 1046 1702 affirmare
1107 1635 1215 1702 non
1277 1648 1569 1715 dubitasse,
1625 1647 1888 1701 Exercitia
1941 1646 2107 1714 Spiri-

539 1750 703 1804 tualia
748 1768 861 1804 esse
907 1750 980 1817 id,
1035 1750 1181 1817 quod
1234 1748 1287 1801 in
1339 1750 1438 1802 hac
1489 1748 1598 1802 vita
1648 1747 1874 1815 cogitari
1927 1755 2106 1816 posset

539 1849 807 1917 optimum
852 1857 968 1902 tum
1014 1849 1079 1902 ad
1126 1847 1404 1916 propriam
1458 1847 1840 1915 perfectionem
1886 1845 2106 1900 incitato

538 1966 699 2002 cursu
743 1947 1171 2016 provehendam,
1220 1953 1335 2000 tum
1387 1946 1452 2000 ad
1498 1945 1630 1999 alios
1682 1947 1880 1999 multos
1930 1945 2041 1999 sive
2079 1962 2106 1998 e

539 2048 684 2102 vitiis
730 2047 1103 2113 retrahendOS,
1157 2046 1269 2100 sive
1319 2047 1384 2101 ad
1439 2046 1692 2099 virtutem
1749 2063 1966 2100 omnem
2017 2045 2107 2099 ab-

538 2150 882 2217 solutamque
932 2146 1319 2216 perfectionem
1359 2146 1722 2201 adducendos.

606 2331 939 2385 Commendo
984 2347 1070 2384 me
1120 2328 1324 2383 Sanctis
1375 2327 1663 2383 Sacrificiis

1556 2438 1642 2491 Rae
1679 2437 1763 2490 Vae

1378 2537 1577 2592 Servus
1605 2538 1665 2591 in
1694 2536 1911 2591 Christo

1306 2636 1606 2690 Lunovlcus
1645 2635 1875 2702 MARTIN,
1906 2634 1956 2689 S.
1985 2635 2032 2687 J.

608 2800 829 2866 Romae,
873 2799 960 2853 die
1004 2800 1026 2853 1
1087 2799 1268 2853 martii
1318 2798 1471 2853 1900.
