2315 3559
513 180 615 238 366
941 202 1260 242 SUMMARIUM
1302 203 1666 242 EPISTOLARUM

515 344 581 388 10.
615 343 764 390 Oratio
788 359 912 400 vaga.

515 430 580 474 11.
614 429 763 475 Oratio
782 446 870 476 non
894 433 998 477 satis
1019 433 1254 488 ruminata,
1275 448 1356 478 nec
1373 440 1495 479 recte
1513 440 1646 478 secta.

514 514 580 558 12.
615 515 800 561 Imitatio
818 517 1001 561 vitiosae
1024 518 1207 562 rationis
1229 518 1430 563 aliorum.

517 600 580 645 13.
613 601 709 646 Non
725 602 917 647 libenter
937 603 1090 647 audire
1111 605 1293 648 monita.

516 688 578 731 14.
614 689 903 733 Insenescere
926 690 1041 733 vitiis
1064 690 1225 743 quibus
1248 691 1346 744 quis
1363 692 1625 736 assueverit.

513 774 578 818 115.
612 774 708 818 Non
728 776 962 830 possidere
984 790 1057 820 res
1080 776 1305 821 dicendas.

566 860 813 905 Industriae
836 868 941 906 sunt
966 876 975 905 ε

543 947 577 990 l.
613 947 886 992 Praecavere
908 948 1239 1003 impedimenta.

568 1064 576 1073 .
609 1030 902 1076 Considerare
925 1047 1160 1078 successus
1176 1034 1444 1078 ferventium
1463 1034 1801 1089 Religiosorum.

567 1153 576 1161 .
610 1118 830 1163 Attentius
850 1119 1054 1163 meditari
1076 1120 1342 1175 Scripturas.

610 1203 791 1249 Duobus
812 1205 882 1249 vel
904 1220 1124 1250 summum
1146 1206 1288 1251 tribus
1310 1207 1528 1262 capitibus
1549 1208 1773 1253 insistere.

567 1323 575 1331 .
609 1289 963 1335 Eradicationem
985 1291 1192 1336 vitiorum
1214 1299 1472 1338 constanter
1487 1299 1531 1338 et
1549 1293 1819 1339 multimodis
1840 1309 2019 1349 urgere.

609 1376 747 1431 Loqui
774 1377 914 1422 libere
937 1378 1063 1422 simul
1088 1384 1132 1423 et
1151 1379 1413 1433 prudenter.

607 1461 693 1506 Res
716 1461 925 1507 dicendas
946 1476 1218 1517 praeparare
1240 1470 1284 1508 et
1303 1465 1545 1509 memoriae
1565 1465 1793 1520 mandare,
1818 1480 1906 1510 non
1931 1472 2078 1511 autem

646 1548 798 1593 verba.

533 1634 573 1677 8.
609 1633 728 1686 Quae
749 1634 960 1688 leguntur
979 1636 1186 1690 redigere
1204 1636 1258 1680 ad
1275 1650 1535 1681 communes
1551 1636 1689 1682 locos.

532 1720 571 1764 9.
609 1719 883 1764 Familiarem
907 1721 990 1765 sibi
1012 1721 1203 1766 reddere
1225 1721 1606 1776 Chrysostomum.

506 1807 572 1852 10.
606 1806 950 1851 instructionem
972 1821 1055 1862 pro
1079 1808 1462 1853 contionatoribus
1492 1823 1689 1854 servare.

507 1892 572 1935 11.
608 1891 763 1936 Libros
786 1891 840 1936 de
857 1898 952 1937 arte
974 1892 1264 1938 contionandi
1285 1893 1451 1948 legere.

507 1978 571 2023 112.
607 1978 744 2033 Dirigi
765 1979 809 2024 in
833 1980 987 2025 studiis
1009 1993 1033 2024 a
1054 1980 1384 2035 Superioribus.

507 2184 906 2242 EPISTOLAE
966 2186 1033 2243 R.
1083 2187 1145 2242 P.
1203 2187 1273 2243 N.
1335 2187 1539 2244 MUTII
1593 2186 2072 2245 VITELLESCHI

574 2347 613 2402 l.
651 2362 717 2400 AD
746 2363 942 2402 PATREs
970 2363 1032 2401 ET
1061 2363 1293 2402 FRATRES
1320 2363 1639 2416 soclETATiS,
1669 2348 1701 2402 2
1728 2349 1834 2403 ian.
1865 2348 1999 2403 1617

824 2478 901 2533 De
927 2479 1169 2534 oratione
1195 2479 1431 2548 aliisque
1456 2479 1753 2534 virtutihus

949 2599 1121 2666 (Tom.
1154 2600 1193 2667 l,
1225 2617 1314 2668 pp.
1344 2598 1620 2668 359-387.)

530 2750 568 2794 1.
611 2749 805 2794 Societas
821 2749 876 2794 sit
889 2750 1045 2794 domus
1064 2750 1157 2804 Dei,
1176 2765 1304 2806 pura,
1325 2765 1472 2806 neque
1487 2751 1703 2796 maculam
1720 2750 1903 2805 habens,
1924 2765 2071 2805 neque

611 2849 783 2890 rugam.

499 2920 585 2966 2-3.
612 2921 750 2966 Huius
772 2922 928 2966 domus
951 2922 1215 2967 vestibulum
1249 2929 1434 2968 exornet
1463 2923 1671 2978 religiosa
1690 2923 1921 2977 modestia,
1944 2922 2069 2968 cuius

611 3009 833 3054 silentium
856 3009 1014 3063 quovis
1041 3015 1109 3053 est
1131 3024 1338 3055 sermone
1361 3010 1598 3055 efficacius.

526 3096 566 3139 4.
609 3095 827 3140 Interiora
847 3095 1004 3140 domus
1032 3101 1150 3140 sarta
1179 3102 1295 3140 tacta
1324 3102 1473 3141 servet
1502 3097 1718 3151 imprimis
1740 3096 1895 3141 oratio.
1930 3095 2068 3141 Huius

610 3195 695 3237 ope
717 3182 1024 3236 exstinguetur
1042 3182 1321 3228 inordinatus
1341 3182 1525 3228 affectus
1545 3196 1652 3237 erga
1682 3182 2064 3237 consanguineos;
