2315 3559
542 175 644 231 408
958 197 1279 239 sUMMARmM
1318 202 1682 245 ErisroLAnUM

542 340 609 383 14.
651 339 751 395 lege
765 343 1059 397 separationis
1081 359 1105 389 a
1124 346 1402 403 parentibus,

542 425 609 470 15.
652 440 784 482 quam
805 429 1013 483 praefinit
1027 431 1068 475 S.
1095 430 1308 486 ignatius,

541 511 608 556 16.
651 513 840 558 suadent
855 514 938 559 viri
959 516 1226 571 gravissimi,

541 598 607 643 17.
647 599 794 644 firmat
814 600 1032 646 ordinatio
1050 603 1290 658 generalis,

539 685 606 729 18.
649 686 948 731 neeessariam
963 687 1158 742 probant
1174 689 1335 734 damna
1355 691 1583 738 effusionis
1604 694 1737 740 animi
1760 700 1804 740 et
1823 695 2105 742 curiositatis.

540 771 606 816 19.
649 771 701 816 11.
737 772 786 816 In
807 772 902 817 aliis
923 773 1176 819 hominibus
1200 789 1211 819 :
1233 775 1279 820 in
1300 776 1544 834 discipulis,

537 858 605 904 20.
649 872 674 903 a
690 858 852 914 quibus
869 860 1063 905 arcenda
1078 860 1234 907 levitas
1249 876 1260 916 ;

536 945 605 990 21.
648 945 693 989 in
709 945 862 1000 pueris
878 947 1176 1002 pauperihus

536 1032 605 1076 22.
648 1032 693 1077 in
711 1032 936 1078 sodalibus
958 1034 1005 1078 B.
1025 1034 1092 1089 V.,

535 1118 605 1163 23.
647 1118 778 1164 etiam
800 1119 1048 1174 opificibus.

535 1205 677 1250 24-25.
702 1205 791 1250 Nec
808 1205 954 1251 obstat
974 1207 1130 1262 regula
1150 1208 1204 1253 de
1220 1209 1347 1254 Socio
1370 1211 1625 1256 necessario
1648 1212 1886 1267 servanda3

535 1291 604 1337 26.
646 1293 890 1338 avertenda
909 1308 1017 1339 vero
1035 1309 1060 1339 a
1075 1295 1301 1341 sodalibus
1321 1298 1524 1352 profana.

534 1379 603 1424 27.
646 1380 719 1424 III.
757 1380 946 1426 Mundus
977 1381 1267 1428 debellandus
1302 1398 1327 1427 a
1357 1384 1632 1430 scholasticis
1656 1391 1700 1431 et
1725 1385 1945 1431 tironibus
1973 1387 2107 1432 armis

644 1466 687 1510 S.
711 1464 908 1521 Aloysii:

533 1553 601 1598 28.
645 1554 838 1609 puritate
854 1555 1004 1610 animi,

534 1640 603 1686 29.
646 1648 928 1697 paupertate,

534 1726 603 1773 30.
646 1728 843 1775 caritatis
864 1729 978 1785 lege.

536 1926 1009 1992 EPISTOLAE
1075 1928 1160 1991 R.
1230 1928 1308 1989 P.
1364 1929 1445 1990 Ν.
1502 1928 1697 1992 LUD.
1767 1928 2107 1992 MARTIN

618 2075 657 2129 Ι.
689 2089 755 2129 AD
783 2089 978 2129 PATRES
1006 2091 1070 2129 ET
1098 2090 1329 2129 FRATRES
1356 2090 1676 2143 soclETATIS,
1705 2075 1739 2129 4
1764 2082 1866 2130 oct.
1904 2073 2040 2130 1896

658 2203 734 2259 De
759 2204 1041 2274 aliquibus
1066 2211 1374 2260 nostrorum
1402 2211 1704 2273 temporum
1726 2204 1989 2273 periculis

1200 2305 1449 2360 cavendis

952 2418 1124 2487 (Tom.
1167 2418 1251 2487 IV,
1289 2436 1379 2488 pp.
1417 2417 1694 2486 268-332.)

567 2571 606 2615 1.
649 2569 925 2615 Desiderium
944 2569 1166 2615 invisendi
1182 2575 1227 2616 et
1247 2570 1418 2615 solandi
1440 2569 1625 2615 Nostros
1639 2583 1810 2615 omnes.

565 2657 607 2701 2.
651 2656 890 2702 Prudentia
910 2656 1049 2701 vetuit
1067 2656 1153 2702 huc
1169 2670 1313 2712 usque
1330 2671 1387 2702 ne
1406 2656 1580 2702 litterae
1603 2656 1658 2701 ad
1678 2656 1933 2701 universam
1963 2655 2109 2700 Socie-

648 2748 783 2787 tatem
804 2743 1033 2787 darentur.

566 2830 607 2875 3.
650 2829 824 2875 Gratiae
855 2829 945 2873 Deo
980 2828 1210 2874 habendae
1232 2829 1288 2874 ob
1320 2829 1590 2885 singularem
1616 2828 1946 2883 redintegratae
1964 2827 2110 2873 Socie-

649 2917 752 2963 tatis
767 2916 963 2962 tutelam.
988 2916 1079 2961 Deo
1101 2916 1232 2961 etiarn
1255 2916 1469 2961 debemus
1489 2915 1720 2961 restitutae
1739 2914 1969 2960 Societatis
1989 2914 2109 2959 inco-

651 3003 894 3049 lumitatem
911 3002 1290 3047 etincrementum
1309 3017 1319 3056 ;
1343 3016 1432 3047 non
1454 3001 1723 3047 hominihus.

569 3093 609 3136 4.
652 3091 764 3135 Suae
785 3089 915 3135 etiam
946 3088 1115 3143 gratiae
1150 3088 1370 3133 debentur
1389 3088 1561 3134 Nostris
1582 3088 1639 3132 ob
1660 3087 1909 3132 indefessos
1929 3085 2106 3131 labores

653 3177 697 3221 in
716 3176 845 3221 vinea
860 3173 1049 3220 Domini.
