2315 3559
663 216 705 252 s.
751 213 795 251 P.
838 214 890 251 N.
935 214 1015 251 Fa.
1059 213 1280 252 BORGIAE
1644 201 1744 256 349

218 356 257 400 2.
291 357 355 401 Ad
373 357 753 401 conservationem
775 356 1002 401 Societatis
1021 356 1233 410 quaedam
1255 359 1585 411 praemonenda
1609 367 1708 403 sunt
1733 375 1741 403 :

301 447 535 485 serventur
555 441 890 485 constitutiones
906 441 950 485 in
973 441 1252 485 admittendis
1272 442 1537 485 hominibus.

217 525 257 569 3.
292 525 372 578 Qui
394 526 696 580 admittuntur,
716 526 760 570 in
776 527 997 570 noviciatu
1020 526 1171 570 sedulo
1193 525 1455 580 probentur.

216 612 255 655 4.
289 612 478 666 Tempus
509 612 590 656 hoc
620 611 894 666 probationis
924 611 1088 655 utiliter
1116 611 1385 665 impenditur
1408 627 1417 655 ;
1441 613 1572 655 immo
1595 627 1746 656 neces—

299 698 461 742 sarium
479 704 547 742 est
566 697 619 741 ad
641 697 893 751 probandas
909 704 951 741 et
972 697 1295 741 confirmandas
1309 697 1441 741 vires.

216 782 256 826 5.
290 782 400 826 Hinc
435 782 684 827 Noviciatus
718 782 833 826 bene
869 783 1028 826 dicitur
1059 782 1280 826 Bethleem
1317 796 1396 826 seu
1425 782 1581 826 domus
1601 783 1742 837 panis.

299 868 379 921 Qui
399 869 471 912 illo
507 868 591 912 cito
628 869 737 912 solvi
772 875 996 923 expetunt,
1020 869 1215 922 graviter
1246 869 1556 923 periclitantur
1584 869 1628 912 in
1660 875 1747 912 stu-

298 954 394 1007 diis,
417 954 520 998 licet
538 954 645 998 haec
669 954 811 998 studia
840 961 884 999 et
914 954 1138 1008 sapienter
1169 954 1468 1007 admittantur,
1501 960 1544 998 et
1574 954 1746 1008 spiritui

293 1039 409 1084 bene
431 1045 693 1085 consonent.

209 1123 249 1168 6.
284 1124 372 1169 Vae
401 1125 536 1179 igitur
555 1125 615 1169 illi
638 1125 712 1179 qui
733 1126 778 1169 in
808 1125 970 1170 virtute
992 1125 1148 1169 debilis
1171 1125 1316 1170 studia
1337 1125 1595 1179 aggreditur
1619 1139 1628 1168 :
1652 1124 1747 1179 plu-

293 1211 404 1254 rima
426 1211 584 1255 damna
606 1211 872 1265 experietur,
905 1217 949 1255 et
976 1211 1124 1255 multis
1144 1211 1287 1254 modis
1310 1210 1489 1255 nocebit
1518 1210 1742 1254 Societati.

212 1297 252 1340 7.
285 1296 346 1341 Ne
368 1297 480 1351 talis,
504 1297 557 1341 ad
575 1297 718 1341 studia
737 1297 982 1341 litterarum
1005 1310 1094 1340 non
1115 1296 1318 1350 idoneus,
1343 1296 1395 1339 ad
1418 1296 1745 1340 Professionem

297 1382 564 1436 admittatur,
597 1388 832 1426 serventur
866 1382 1203 1426 constitutiones
1233 1382 1287 1425 de
1323 1381 1584 1425 iunioribus.
1622 1381 1674 1425 Et
1702 1381 1744 1424 in

297 1481 448 1510 earum
471 1467 827 1511 observationem
859 1481 1013 1511 omnes
1034 1466 1305 1511 incumbant.

215 1552 254 1596 8.
287 1551 529 1596 Serventur
549 1552 593 1596 in
609 1553 764 1607 primis
795 1567 847 1596 ea
869 1567 981 1607 quae
1010 1553 1114 1597 dicit
1134 1553 1174 1597 S.
1200 1552 1245 1595 P.
1269 1551 1319 1595 N.
1352 1552 1406 1596 de
1438 1552 1580 1596 studio
1612 1552 1746 1596 virtu-

297 1644 402 1682 tum.
438 1637 556 1690 Quae
580 1639 615 1682 si
646 1652 735 1682 non
771 1639 1063 1683 adhibeantur
1095 1639 1231 1683 multa
1264 1639 1378 1682 mala
1413 1638 1746 1692 subsequentur

296 1724 515 1778 religiosis
530 1725 772 1769 ordinibus.
794 1725 870 1769 His
891 1732 1036 1769 autem
1057 1725 1181 1769 malis
1202 1725 1479 1780 praeclarum
1502 1724 1745 1768 remedium

297 1816 364 1853 est
379 1824 485 1853 crux
506 1810 757 1865 Salvatoris,
780 1825 861 1855 nos
883 1811 1159 1865 coniungens
1182 1809 1288 1855 Deo.

215 1895 254 1939 9.
285 1895 574 1940 Oboedientia
590 1903 794 1941 servetur
813 1897 931 1941 iuxta
953 1897 1182 1951 epistolam
1203 1896 1244 1940 S.
1270 1896 1314 1939 P.
1335 1895 1384 1939 N.
1409 1896 1579 1950 Ignatii.

175 1981 253 2049 .1Ο.
288 1982 542 2037 Paupertas,
562 1998 674 2037 quae
696 1991 763 2029 est
777 1999 930 2028 murus
947 1984 1240 2038 Religionum,
1264 1983 1394 2028 etiam
1417 1983 1569 2028 sedulo
1592 1997 1748 2027 curan-

297 2070 364 2114 da.
399 2071 509 2115 Hinc
545 2078 693 2116 tamen
725 2086 816 2116 non
850 2079 1052 2117 vetamur
1084 2073 1270 2116 honeste
1305 2073 1458 2116 iuvare
1493 2072 1747 2125 egentiores

299 2154 468 2200 domos.

187 2239 325 2283 11-102.
359 2240 639 2287 Meminerint
669 2243 799 2287 etiam
833 2257 986 2287 omnes
1019 2257 1066 2287 se
1100 2257 1183 2297 per
1212 2249 1314 2287 vota
1342 2249 1542 2287 mortuos
1573 2256 1672 2286 esse
1701 2242 1745 2285 in

297 2324 482 2371 Christo.
516 2327 653 2380 Quam
682 2334 871 2373 mortem
902 2328 1113 2372 nonnulla
1134 2328 1260 2382 signa
1280 2334 1511 2379 testantur,
1526 2328 1571 2371 in
1592 2327 1746 2382 primis

298 2421 449 2458 sancta
471 2415 725 2470 simplicitas
747 2422 790 2460 et
806 2430 911 2460 vera
931 2417 1150 2461 humilitas
1172 2417 1214 2460 in
1239 2415 1606 2460 correctionibus.

189 2499 327 2544 13-14.
363 2500 478 2545 Haec
500 2508 646 2545 autem
666 2502 942 2546 mortificatio
965 2502 1201 2546 voluntatis
1222 2501 1466 2556 requiritur
1485 2501 1529 2544 in
1550 2501 1744 2554 legitimo

298 2586 384 2631 filio
429 2587 671 2631 Societatis.
715 2587 796 2639 Qui
844 2587 1114 2631 voluntatem
1163 2601 1253 2631 non
1291 2586 1557 2631 mortificant
1596 2586 1746 2640 gravia

299 2672 458 2716 damna
485 2673 675 2717 afferunt
704 2672 785 2716 sibi
808 2679 851 2717 et
871 2673 1089 2726 Societati‚
1114 2672 1232 2717 nube
1254 2673 1380 2726 quasi
1400 2672 1599 2716 velantes
1619 2685 1746 2726 prae-

299 2758 483 2802 sentiam
519 2758 661 2801 Divini
696 2765 976 2812 conspectus.
1009 2758 1210 2802 Studiose
1244 2758 1378 2812 igitur
1412 2757 1668 2801 incumbant
1701 2757 1745 2800 in

299 2844 410 2888 hanc
461 2844 607 2888 cordis
646 2844 1043 2898 mortificationem,
1085 2851 1133 2888 ut
1182 2859 1281 2888 cum
1335 2843 1503 2888 Christo
1552 2843 1746 2887 torcular

300 2929 483 2973 calcent.

191 3004 256 3049 15.
288 3003 451 3049 Omnes
481 3005 658 3048 tandem
689 3011 820 3058 agant
854 3019 1032 3059 semper
1059 3005 1176 3050 iuxta
1211 3005 1440 3049 sublimem
1468 3004 1744 3048 vocationem

301 3104 438 3135 suam.
455 3090 629 3135 Utinam
652 3091 781 3134 etiam
801 3090 925 3135 multi
946 3091 1051 3135 fiant
1070 3092 1198 3135 huius
1214 3091 1457 3135 vocationis
1477 3090 1741 3144 participes!

191 3177 258 3221 16.
290 3176 397 3223 Orat
415 3182 464 3222 ut
484 3190 637 3222 omnes
658 3177 802 3232 ipsum
824 3176 1134 3222 commendent
1153 3176 1259 3222 Deo.
