2315 3559
547 209 648 265 232
719 226 969 266 EPISTOLA
1007 228 1056 266 R.
1101 229 1147 268 P.
1189 230 1241 268 N.
1283 229 1402 270 ANT.
1452 231 1578 271 MAR.
1625 232 1934 273 ANDERLEDY

546 371 791 436 Quietem
854 391 1000 442 vere,
1065 375 1210 430 dolet
1270 375 1320 431 S.
1388 377 1511 431 Pius
1567 378 1626 445 V,
1690 397 1797 434 non
1839 398 2105 447 parum...

539 474 875 541 perturbari,
939 481 1223 542 propterea
1287 478 1425 544 quod
1497 478 1753 533 mulieres
1823 482 2111 537 modestiae

544 575 870 629 matronalis
923 575 1136 643 oblitae,
1189 577 1368 631 domos
1421 596 1480 631 ac
1534 580 1866 635 monasteria
1924 599 2110 637 eorum

543 673 811 741 (virorum
878 674 1282 743 religiosorum)
1346 677 1561 746 inqredi
1619 681 1871 734 audeant.
1937 680 2110 744 Quare

543 781 692 828 motu
729 775 952 842 proprio
1006 781 1056 828 et
1109 783 1250 830 certa
1299 777 1528 832 scientia
1576 797 1636 832 ac
1683 780 1746 833 de
1793 781 2110 848 apostolicae

538 875 817 943 potestatis
872 876 1237 944 plenitudine,
1301 895 1482 933 omnes
1537 886 1587 933 et
1640 880 1890 948 sinqulas
1938 882 2109 949 facul-

547 981 677 1029 tates
757 993 817 1028 ac
902 975 1149 1030 licentias
1222 976 1570 1045 inqrediendi
1643 981 1972 1035 monasteria

545 1091 1003 1143 quorumcumque
1062 1076 1404 1144 reqularium
1464 1076 1738 1133 Ordinum
1912 1081 2108 1135 mulie-

545 1175 699 1229 ribus
737 1174 1121 1244 cuiuscumque
1167 1182 1339 1230 status
1503 1178 1568 1232 ab
1626 1178 1932 1246 Apostolica
1976 1180 2109 1236 Sede

546 1275 1030 1344 quomodocumque
1096 1293 1359 1330 concessas
1522 1285 1739 1332 revocat
1803 1285 1854 1334 et
1910 1297 2104 1347 cassas,

202 1357 460 1440 {2233ssAEss
547 1373 741 1429 irritas
783 1381 834 1429 et
876 1375 1067 1429 inanes
1109 1392 1217 1430 esse
1260 1376 1519 1431 decernit.

191 1448 478 1515 pssffiffifflff'
614 1474 709 1529 Cui
748 1475 964 1529 decreto
1002 1491 1208 1542 poenae
1252 1476 1527 1531 adduntur
1564 1476 1883 1533 mulieribus
1922 1487 2109 1535 contra

546 1575 684 1630 hanc
733 1576 908 1642 Iegem
954 1574 1273 1630 facientibus
1325 1577 1654 1632 subeundae.

612 1675 676 1730 Et
725 1675 948 1744 quidem
999 1683 1148 1730 tanta
1197 1676 1299 1730 fuit
1348 1676 1720 1733 Romanorum
1782 1678 2106 1734 Pontificum

542 1774 597 1830 in
618 1775 720 1830 hoc
747 1793 945 1843 genere
972 1775 1297 1845 sollicitudo,
1322 1785 1399 1845 ut,
1424 1777 1518 1846 qui
1547 1778 1792 1847 proxime
1813 1778 1863 1834 S.
1891 1779 2046 1834 Pium
2066 1780 2108 1834 V

216 1871 239 1901 a
260 1856 446 1911 Gregor.

278 1912 390 1965 XIII,
542 1883 755 1931 secutus
801 1883 898 1944 est,
940 1875 1231 1944 Gregorius
1281 1877 1399 1932 XIII
1451 1895 1567 1932 rem
1612 1879 1840 1933 eandem
1887 1881 2108 1935 manda-

543 1975 682 2032 verit
731 1976 909 2032 verbis
954 1976 1117 2032 etiam
1167 1977 1529 2045 gravioribus,

610 2077 953 2139 Revocamus,
1002 2076 1199 2146 inquit,
1246 2084 1297 2131 et
1333 2079 1605 2133 abolemus
1647 2097 1829 2134 omnes
1865 2086 1915 2134 et
1951 2099 2108 2150 quas-

542 2194 769 2248 cumque
813 2177 1063 2232 licentias
1107 2196 1167 2232 ac
1203 2178 1486 2247 facultates
1536 2179 1887 2247 inqrediendi
1922 2199 2109 2235 mona-

541 2278 727 2343 steria,
770 2279 961 2332 domus
985 2283 1035 2331 et
1074 2278 1184 2332 loca
1209 2278 1544 2332 monialium
1576 2296 1636 2332 ac
1669 2279 1836 2334 etiam
1862 2280 2107 2334 virorum

543 2379 860 2450 quorumvis
927 2377 1203 2435 Ordinum
1269 2379 1550 2448 quibusvis
1726 2380 2107 2451 cuiuscumque

542 2487 714 2536 status
757 2486 807 2535 et
860 2480 1191 2534 condicionis
1244 2480 1574 2535 mulieribus
1732 2482 1900 2535 eliam
1962 2488 2108 2536 motu

542 2580 762 2649 proprio
787 2586 837 2635 et
871 2597 935 2634 ecc
961 2585 1103 2633 certa
1137 2580 1383 2646 scientia,
1415 2582 1579 2649 deque
1615 2581 1932 2648 apostolicae
1965 2587 2107 2648 pote-

543 2679 701 2734 statis
732 2678 1097 2746 plenitudine,
1128 2685 1286 2747 atque
1311 2681 1381 2732 ad
1409 2679 1774 2747 imperatoris,
1803 2697 1995 2749 requm

546 2779 849 2833 aliorumve
902 2777 1225 2845 principum
1393 2779 1843 2846 supplicationem
1910 2796 2107 2834 conces-

199 2853 319 2893 Greg.
335 2852 431 2885 XIII
446 2860 481 2885 c.
805 2879 812 2889 .
1200 2878 1208 2886 .
1342 2878 1350 2886 .
1508 2878 1516 2886 .
1615 2878 1623 2886 .
1667 2878 1675 2886 .

181 2894 260 2927 Ubi
282 2894 432 2936 gratiae
447 2893 488 2926 d·
546 2897 650 2944 sas,
681 2879 1024 2946 confirmatas
1049 2883 1097 2932 et
1134 2883 1300 2931 etiam
1329 2884 1541 2932 iteratis
1567 2878 1774 2932 vicibus
1805 2885 2101 2932 renovatas.

168 2935 503 3060 ῗὲἒζέἕῖῗέ,
615 2976 965 3033 Severissime
992 2985 1173 3031 autem
1202 2977 1520 3032 Benedictus
1554 2978 1665 3031 XIV
1692 2985 1908 3032 revocat
1945 2995 2107 3047 quae-

545 3096 780 3148 cumque
831 3077 1042 3132 Indulta
1091 3085 1143 3132 et
1181 3077 1469 3145 privilegia
1512 3077 1834 3133 admittendi
1879 3078 2104 3133 feminas

546 3179 689 3235 intra
739 3178 1051 3235 Clausuram
1097 3185 1479 3233 conventuum.
