2315 3559
356 230 421 266 DE
448 230 525 266 RB.
560 230 683 266 EDM.
715 228 960 266 CAMPIAM
994 229 1054 266 ET
1082 229 1341 266 simlouml
1374 228 1636 265 MARTYI-uo
1708 213 1773 265 8⁴.)

286 374 360 426 Ad
403 374 568 426 Deum
607 373 1177 439 di‹;0,q1r1em,eodem
1226 373 1498 425 hortatore
1546 371 1770 435 ignatio,

218 470 394 538 primo
439 479 489 524 et
532 488 744 538 semper
786 479 908 542 ante
952 472 1132 524 oculos
1179 469 1365 523 haberi
1410 487 1622 523 necesse
1673 478 1769 534 est,

217 570 489 623 avocando
556 569 797 623 animum
860 571 926 623 ab
994 570 1057 622 iis
1119 587 1258 636 quae
1324 586 1445 622 cum
1510 569 1614 621 Deo
1678 585 1771 621 nos

217 686 330 722 esse
372 686 477 721 non
517 669 715 731 sinunt,
763 678 814 722 et
858 686 1080 722 munera
1119 669 1367 723 obeundo
1412 675 1591 721 nostra
1632 667 1775 720 ordi-

216 775 355 831 nate,
397 775 594 833 sancte,
643 768 830 833 solide,
872 768 1220 821 oboedienter
1270 767 1572 834 iunctisque
1635 766 1773 820 inter

216 882 311 919 nos
344 866 538 919 animis
572 866 903 933 viribusque.
938 867 990 919 ld
1021 868 1230 932 agendo
1268 865 1461 931 carnis,
1492 883 1765 931 sensuum,

213 963 522 1031 amorisque
599 963 804 1032 proprii
878 972 929 1017 et
1008 964 1266 1017 mundani
1346 962 1770 1031 expugnabimus

212 1061 559 1116 rebellionem
598 1071 649 1117 et
686 1062 917 1116 mitioris
955 1063 1197 1130 quidem,
1237 1063 1328 1116 sed
1369 1061 1589 1116 illustris
1629 1064 1768 1130 apud

211 1161 379 1214 Deum
418 1162 658 1229 martyrii
698 1162 911 1216 laudem
949 1162 1402 1230 comparabimus.
1434 1162 1469 1214 T
1474 1179 1565 1215 um
1593 1179 1772 1215 assen-

212 1259 407 1314 tiemus
458 1260 560 1326 legi
617 1269 848 1326 nostrae,
918 1279 1098 1315 caram
1160 1279 1277 1315 eam
1348 1260 1665 1314 habebimus
1722 1269 1773 1315 et.

211 1376 334 1412 cum
383 1359 583 1413 Davide
636 1360 1015 1414 confitebimur
1071 1360 1317 1414 Domino,
1384 1375 1408 1407 ((
1452 1360 1553 1413 Pax
1604 1362 1769 1414 multa

211 1458 559 1525 diligentibus
604 1461 775 1525 legem
822 1468 987 1513 tuam.
1034 1479 1058 1512 »
1858 1484 2099 1519 mmm.

281 1559 343 1612 Et
408 1576 529 1612 cum
597 1558 698 1626 ipsi
762 1559 987 1613 Romani
1053 1559 1336 1613 Pontifices
1394 1559 1599 1613 hortati
1663 1559 1766 1613 sint

211 1657 522 1724 Superiores
575 1672 600 1704 (<
657 1664 716 1710 ut
769 1659 1189 1711 observationi...
1249 1660 1572 1712 decretorum
1631 1659 1770 1712 serio

213 1775 238 1808 ³)
281 1757 654 1824 inviffllcrrent,
706 1776 730 1808 ))
790 1765 846 1810 ut
895 1757 1028 1811 meis
1074 1757 1314 1824 partibus
1359 1775 1466 1811 non
1505 1756 1677 1811 desim
1718 1766 1769 1811 et

211 1863 269 1908 ut
305 1855 664 1923 sempiternae
703 1873 853 1910 meae
890 1857 1167 1910 consulam
1212 1856 1389 1922 saluti,
1421 1874 1607 1910 omnes
1646 1857 1771 1910 hor-

208 1961 310 2020 tor,
360 1971 552 2008 moneo
604 1963 655 2008 et
699 1955 919 2009 obsecro
970 1973 1064 2022 per
1114 1955 1431 2021 sanguinem
1485 1955 1604 2008 Filii
1654 1956 1765 2023 Dei,

207 2070 303 2120 per
342 2053 588 2107 lacrimas
626 2053 676 2108 S.
717 2054 928 2121 Ignatii,
959 2055 1088 2108 dum
1129 2054 1371 2109 condidit
1411 2056 1639 2121 regulas,
1672 2073 1766 2122 per

207 2155 488 2223 supplicia,
552 2174 690 2224 quae
746 2156 1032 2210 saeviendo
1088 2157 1143 2210 in
1203 2174 1397 2225 corpus
1456 2175 1485 2210 a
1540 2175 1595 2210 se
1651 2157 1767 2224 ipso

207 2254 400 2321 exegit,
448 2273 542 2322 per
586 2255 683 2308 BB.
733 2256 1004 2310 Edmundi
1049 2264 1101 2310 et
1142 2256 1421 2310 Sociorum
1474 2257 1764 2324 Martyrum
1905 2274 2049 2325 Quare

207 2353 429 2420 cinereS‚
484 2363 542 2408 ut
607 2372 982 2423 quaecumque
1051 2364 1331 2423 praecepta
1400 2356 1553 2409 nobis
1620 2363 1762 2420 sunt,
1854 2330 2097 2427 ᾖρὲῐζῇζὲἐᾶθ

207 2453 384 2520 quoad
452 2453 569 2506 lieri
632 2462 822 2521 potest,
887 2471 1073 2508 omnes
1142 2454 1344 2508 servari
1417 2462 1605 2508 curent
1671 2453 1765 2521 qui

207 2558 478 2617 praesunt,
520 2559 572 2605 et
608 2569 729 2605 cum
770 2552 852 2605 his
898 2552 1036 2606 Socii
1082 2570 1268 2606 omnes
1308 2554 1371 2607 ad
1413 2570 1547 2620 opus
1588 2559 1765 2605 tantae

207 2649 299 2703 Dei
326 2649 529 2716 gloriae
556 2658 607 2704 et
633 2658 809 2705 tantae
842 2651 1138 2705 sanctitatis
1166 2651 1416 2720 propriae
1442 2652 1761 2718 conspirent.

276 2748 409 2802 Rem
454 2748 727 2803 difficilem
767 2750 1025 2817 postulari
1070 2769 1100 2804 a
1139 2750 1290 2804 vobis
1346 2768 1453 2804 non
1492 2767 1577 2803 me
1618 2750 1761 2812 latet,

208 2846 331 2900 forti
376 2865 434 2899 ac
479 2856 664 2914 parato
708 2847 889 2901 animo
934 2866 1048 2902 esse
1091 2866 1224 2916 opus
1269 2866 1376 2902 non
1420 2848 1669 2902 diffiteor.

276 2944 375 2998 Sed
406 2947 597 3012 loquor
624 2946 1002 3013 magnanimis,
1028 2947 1336 3015 paratisque
1363 2947 1428 3000 ad
1459 2961 1485 2995 «
1516 2947 1758 3013 iniurias,
1810 2971 1877 3001 fix.
1901 2971 2133 3042 geni-015³.

207 3042 480 3097 illusiones
502 3052 554 3097 et
574 3044 863 3111 opprobria
886 3044 938 3098 in
961 3045 1156 3099 Christi
1178 3045 1479 3112 insignibus
1503 3045 1705 3098 inclusa
1739 3065 1759 3097 ))
1910 3019 1950 3042 Π’
1995 3022 2027 3042 '³‘

207 3140 556 3195 admittenda.
614 3143 669 3195 ln
719 3151 1006 3210 conspectu
1052 3145 1243 3211 loquor
1289 3144 1385 3197 ΒΒ.
1430 3152 1757 3210 nostrorum,
