2315 3559
419 236 486 272 DE
524 235 760 272 LiTTERls
798 235 1094 273 Excrctlcls
1133 236 1398 273 nummii
1438 234 1606 271 omns
1726 219 1792 272 115

302 381 509 444 Angrae
536 379 591 431 in
618 378 826 432 dicione
867 378 1117 431 Lusitana
1143 397 1190 431 a.
1214 377 1350 431 ‘1588
1378 385 1563 430 natum
1590 376 1794 429 Sodali-

230 478 373 531 cium
412 477 602 531 Beatae
632 477 866 544 Virginis
905 477 1118 541 Mariae,
1153 476 1237 529 cui
1272 493 1468 529 nomen
1497 475 1663 540 dedit,
1695 475 1788 541 qui

233 576 462 643 praefuit
494 593 601 628 non
637 575 755 628 urbi
790 583 1017 639 tantum,
1049 576 1139 628 sed
1169 574 1265 627 toti
1295 574 1498 626 insulae
1525 572 1785 625 Terceira.

231 674 361 727 Cum
406 691 467 727 eo
519 674 739 739 tribuni,
786 673 1124 727 centuriones
1169 681 1220 726 et
1263 672 1539 726 lectissimi
1587 671 1791 738 quique

233 773 490 826 militares
512 773 566 826 in
588 791 705 826 eam
733 773 1042 826 societatem
1071 771 1234 838 recipi
1263 772 1620 838 postularunt,
1650 770 1796 823 utili-

232 880 339 925 tate
378 872 608 925 maxima
635 872 870 926 cohortis
910 871 1208 924 universae.
1241 870 1371 924 Cum
1411 869 1555 923 enim
1596 868 1794 922 milites

230 969 284 1022 in
322 988 517 1036 magna
555 970 857 1035 securitate,
889 969 1113 1037 parique
1152 967 1480 1021 abundantia
1523 968 1781 1033 viverent,

232 1077 410 1122 tamen
439 1086 499 1122 ex
525 1086 632 1136 quo
667 1069 811 1135 piam
847 1068 1059 1122 divinae
1099 1067 1251 1121 Matri
1288 1067 1601 1120 servitutem
1641 1074 1793 1119 erant

231 1167 474 1234 professi,
506 1176 615 1220 tam
654 1167 916 1220 mirabilis
953 1167 1092 1220 vitae
1131 1183 1454 1232 morumque
1482 1165 1788 1218 innocentia

232 1266 468 1332 emicuit,
500 1274 557 1319 ut
596 1284 713 1320 vere
747 1266 852 1319 dici
891 1275 1086 1333 posset,
1123 1264 1448 1331 legionarios
1487 1265 1584 1317 sub
1623 1263 1790 1330 signis

231 1373 391 1432 atque
418 1365 472 1417 in
499 1365 685 1418 castris
714 1365 798 1418 vix
824 1365 1197 1432 temperantia,
1228 1363 1564 1429 castimonia,
1600 1363 1792 1416 carita-

233 1471 392 1529 teque
430 1462 483 1515 in
522 1463 687 1515 Deum
722 1462 1017 1516 coenobitis
1057 1462 1395 1529 disciplinam
1434 1463 1791 1514 claustrorum

233 1562 391 1626 longo
420 1560 526 1614 13111
549 1579 648 1614 usu
676 1561 1046 1625 tolerantibus,
1072 1560 1412 1613 concessisse.
1438 1559 1704 1627 (Sacchin.
1736 1577 1787 1626 p.

233 1659 290 1712 V.
322 1660 355 1711 l.
387 1658 435 1712 9.
467 1677 518 1712 n.
550 1658 695 1721 2226.)

302 1758 458 1811 Pares
486 1759 698 1825 pietatis
727 1759 928 1812 fructus
956 1758 1104 1824 regio
1132 1757 1392 1812 Cliilensis
1420 1766 1471 1811 et
1498 1757 1788 1825 imperium

233 1857 451 1911 Sinense
512 1859 765 1911 tulerunt.
825 1857 907 1924 (V.
967 1856 1238 1922 530011111.)
1297 1857 1548 1910 Portento
1610 1865 1790 1910 autem

233 1956 408 2010 simile
435 1956 664 2022 videtur,
696 1957 840 2023 quod
869 1956 918 2010 5.
949 1957 1252 2023 Alphonsus
1281 1957 1345 2009 de
1381 1955 1493 2021 Ligu
1524 1955 1691 2022 (Glor.
1735 1955 1790 2010 di

232 2055 358 2108 Mar.
386 2073 436 2122 p.
462 2054 509 2108 9..
536 2073 709 2123 osseq.
737 2055 812 2122 7.)
839 2055 1044 2109 asserit.
1077 2055 1402 2120 Generatim,
1428 2055 1519 2120 ait,
1545 2055 1789 2122 pluribus

230 2155 458 2222 peccatis
502 2173 670 2208 unum
715 2155 992 2208 hominem
1037 2154 1327 2208 obnoxium
1372 2172 1502 2220 esse,
1545 2154 1638 2221 qui
1683 2171 1790 2207 non

228 2256 532 2322 frequentat
558 2254 893 2321 Sodalitates,
920 2273 1083 2322 ([113111
1114 2254 1303 2321 viginti
1330 2254 1481 2321 alios,
1507 2253 1600 2321 qui
1629 2271 1786 2321 saepe

230 2354 419 2407 Beatae
444 2353 679 2420 Virginis
706 2353 902 2407 Mariae
928 2353 1278 2407 conventibus
1306 2353 1590 2406 intersunt.

296 2453 479 2520 Neque
506 2460 649 2506 aetas
676 2461 857 2506 nostra
884 2452 1043 2505 huius
1071 2452 1282 2517 generis
1318 2452 1577 2505 fructibus
1618 2470 1783 2504 vacua

229 2552 453 2605 dicenda
491 2560 587 2617 est,
629 2569 750 2605 cum
789 2551 1131 2605 meminerim
1169 2558 1350 2604 coetus
1379 2549 1433 2603 in
1459 2550 1704 2603 America
1731 2559 1782 2604 et

231 2650 358 2703 alibi
409 2650 619 2703 milium
671 2650 930 2715 virorum,
978 2649 1071 2717 qui
1127 2650 1192 2703 ad
1245 2667 1394 2702 sacra
1438 2649 1783 2716 percipienda

232 2748 423 2815 quovis
462 2766 644 2802 mense
682 2750 1010 2802 accederent.
1044 2749 1101 2800 ln
1128 2747 1232 2800 illis
1259 2747 1568 2813 regionibus
1605 2748 1786 2800 Patres

233 2846 401 2899 nostri
439 2846 670 2913 primam
715 2845 991 2900 Societatis
1035 2854 1264 2899 aetatem
1309 2846 1504 2899 imitati
1550 2854 1689 2911 sunt,
1732 2846 1786 2899 in

231 2962 339 3012 qua
372 2947 629 2999 sollemne
656 2945 755 2998 suit
781 2947 846 2999 ad
874 2945 1155 3011 Sodalicia,
1187 2963 1323 3012 quae
1350 2945 1518 2998 nostri
1542 2946 1786 2999 modera-

231 3041 443 3109 bantur,
485 3043 691 3096 aditum
731 3044 1075 3110 praecludere
1114 3042 1344 3096 seminis,
1393 3042 1615 3108 Cognita
1654 3043 1782 3095 haec

229 3147 355 3192 sunt
381 3147 432 3192 et
457 3157 639 3193 rerum
676 3148 948 3206 gestarum
985 3140 1348 3194 monumentis
1386 3140 1611 3206 signata.
1645 3140 1784 3192 Haec

229 3236 375 3289 enim
403 3237 587 3291 scribit
613 3237 899 3292 Sacchinus
925 3237 1000 3305 (p.
1030 3238 1089 3291 V.
1121 3239 1154 3291 l.
1186 3238 1234 3291 7.
1266 3256 1317 3291 n.
1348 3237 1425 3304 6.)
1455 3256 1464 3290 :

1906 1766 1949 1803 et
1975 1767 2098 1803 extra

1884 1814 2121 1869 Europam.
