2315 3559
528 220 632 276 460
1151 241 1249 280 oFF
1275 257 1339 262 -—
1368 242 1469 280 ORA

527 381 738 437 quicquid
759 383 811 427 ad
848 384 959 428 hanc
983 385 1189 429 virtutem
1212 387 1407 440 pertinet
1428 388 1476 440 (Ι,
1498 388 1589 441 91);
1616 388 1693 432 sed
1720 395 1764 432 et
1797 389 1880 432 alia
1917 390 2096 433 tradidit

527 467 655 512 nohis
677 468 943 514 documenta
964 477 1007 514 et
1027 470 1311 515 incitamenta
1329 472 1369 517 S.
1392 473 1435 515 P.
1456 473 1504 517 N.
1525 473 1594 525 (ΙΙ,
1610 473 1705 523 288,
1724 473 1819 518 289.
1841 473 1914 527 ΙΙΙ,
1935 474 2095 529 74·83),

525 553 660 598 immo
690 555 893 600 hortatur
913 570 994 601 nos
1026 570 1049 600 e
1081 556 1203 600 caelo
1226 557 1296 611 (ΙΙ,
1320 557 1415 604 290.
1440 559 1512 612 ΙΙΙ,
1538 560 1648 612 100).
1679 560 1763 603 Lex
1785 559 2094 605 oboedientiae

526 640 571 685 in
593 641 810 686 Societate
831 641 1032 686 absoluta
1053 649 1121 687 est
1140 643 1230 697 (ΙΙΙ,
1255 643 1324 699 82,
1347 644 1414 699 83,
1439 645 1507 700 92,
1531 646 1617 700 93).

581 768 841 815 OFFICIUM
860 770 1118 824 DIVINUM,
1139 784 1191 815 eo
1211 771 1329 826 quod
1345 772 1551 827 privatim
1572 773 1786 818 recitetur
1802 787 1827 817 a
1844 773 1986 826 nobis,
2008 788 2097 818 non

524 855 568 900 in
591 857 743 910 choro,
767 863 814 901 ut
834 856 888 901 ab
911 857 1005 901 aliis
1034 856 1275 902 Ordinibus
1305 858 1527 913 religiosis
1549 860 1601 914 (Ι,
1627 859 1721 904 327.
1748 860 1799 913 II,
1824 859 1941 914 236),
1964 861 2098 904 maio-

522 957 617 987 rem
647 943 836 997 requirit
865 943 1164 988 reverentiam
1187 950 1231 988 et
1251 945 1541 989 attentionem
1563 946 1683 990 circa
1704 952 1895 1000 tempus,
1929 946 2092 1000 locum,

523 1029 653 1073 situm
685 1035 937 1084 statumque
967 1030 1171 1084 corporis
1193 1030 1243 1084 (I,
1268 1029 1363 1084 327,
1388 1030 1502 1085 328),
1528 1038 1572 1076 et
1594 1032 1734 1086 ipsam
1768 1032 2093 1086 recitationem,

521 1115 565 1158 in
595 1128 683 1169 qua
713 1114 881 1159 iuvabit
912 1122 1092 1169 gustare
1127 1116 1402 1161 psalmorum
1435 1117 1696 1162 suavitatem
1729 1119 1782 1172 (Ι,
1813 1117 2010 1162 229-331.
2043 1119 2095 1173 ΙΙ,

521 1200 616 1254 452,
640 1200 753 1254 472).
780 1200 919 1254 Quem
941 1202 994 1246 ad
1016 1202 1149 1246 finem
1182 1203 1268 1247 duo
1303 1210 1611 1258 suggeruntur
1644 1204 1909 1248 adminicula
1930 1205 1978 1258 (I,
1999 1204 2096 1258 331,

519 1286 633 1341 332).
657 1286 741 1331 Sed
763 1287 1019 1332 studeamus
1040 1289 1307 1343 praesertim
1327 1290 1408 1334 hac
1430 1290 1692 1335 recitatione
1725 1291 1902 1335 laudem
1924 1292 2095 1336 Christo

520 1373 723 1428 Domino,
759 1388 842 1428 pro
888 1380 976 1419 tam
1015 1376 1164 1420 multis
1215 1376 1376 1431 quihus
1418 1377 1579 1422 cotidie
1629 1378 1857 1432 impetitur
1905 1378 2095 1432 iniuriis,

521 1459 751 1505 ferventer
771 1460 981 1505 exhihere
1004 1461 1094 1515 (ΙΙΙ,
1117 1463 1203 1516 11).

577 1587 798 1634 OMISSIO
820 1602 909 1633 non
931 1589 1014 1633 alio
1046 1590 1177 1634 modo
1209 1596 1367 1645 peccat
1388 1604 1520 1645 quam
1553 1590 1657 1636 nihil
1688 1592 1861 1646 agendo
1884 1592 1955 1647 (ΙΙ,
1980 1593 2092 1646 178).

522 1673 633 1718 Nihil
670 1680 817 1718 autem
847 1674 954 1718 boni
983 1675 1132 1719 facere
1155 1682 1223 1720 est
1251 1676 1399 1720 facere
1431 1675 1596 1730 aliquid
1626 1676 1728 1720 mali
1759 1677 1809 1731 (Ι,
1831 1676 1942 1731 134),
1962 1677 2096 1732 idque

521 1773 574 1804 eo
607 1760 787 1814 gravius
820 1774 908 1814 quo
940 1761 1081 1805 maius
1103 1768 1171 1805 est
1190 1761 1358 1806 honum
1392 1761 1462 1806 cui
1495 1763 1740 1817 opponitur
1771 1763 1842 1817 (II,
1865 1763 1978 1817 245).
2005 1763 2097 1808 Hoc

521 1844 690 1899 vitium,
734 1859 821 1899 quo
872 1846 1083 1890 laborans
1133 1847 1279 1891 anima
1332 1861 1573 1901 numquam
1614 1848 1780 1902 poterit
1820 1849 2098 1903 respondere

521 1932 661 1976 amori
691 1931 768 1976 Dei
790 1933 842 1987 (Ι,
868 1931 1084 1986 136-138),
1110 1933 1374 1977 adversatur
1406 1934 1695 1988 exsecutioni,
1722 1935 1908 1989 eiusque
1940 1935 2098 1979 damna

522 2024 567 2062 et
587 2031 747 2062 causae
768 2025 1065 2063 recensentur
1085 2019 1156 2072 (ΙΙ,
1182 2019 1380 2073 179-201)
1406 2034 1414 2063 :
1439 2019 1529 2064 vid.
1554 2021 1813 2077 Exsecutio,
1836 2021 2002 2066 Otium.

576 2146 836 2192 OPERARII
866 2147 910 2191 in
933 2146 1063 2191 vinea
1093 2147 1282 2201 Domini,
1307 2148 1504 2201 generali
1538 2162 1674 2193 sensu
1705 2154 1922 2193 vocantur
1953 2149 2096 2192 nostri

521 2232 722 2277 homines
752 2232 929 2276 formati
959 2232 1009 2285 (Ι,
1032 2233 1097 2286 11,
1131 2232 1199 2285 58,
1235 2232 1301 2277 72.
1336 2232 1388 2286 ΙΙ,
1422 2233 1490 2287 97,
1523 2233 1649 2287 256);
1675 2247 1811 2278 sensu
1841 2233 2097 2288 particulari

523 2319 597 2373 qui
638 2317 941 2373 spiritualibus
983 2333 1090 2373 erga
1129 2319 1356 2373 proximos
1396 2319 1653 2364 ministeriis
1689 2320 1900 2374 primario
1937 2319 2097 2364 addicti

523 2412 627 2450 sunt
647 2406 718 2461 (II,
742 2405 837 2450 331.
863 2405 936 2460 ΙΙΙ,
968 2406 1064 2460 165)
1091 2421 1099 2449 :
1127 2406 1215 2450 vid.
1253 2406 1542 2461 confessarii,
1571 2407 1934 2461 contionatores,
1962 2407 2098 2451 Mini-

524 2493 685 2545 steria,
709 2493 1006 2538 Missionarii.

577 2607 797 2663 ORATIO,
813 2622 948 2652 sensu
971 2608 1144 2661 latiore,
1161 2609 1374 2664 appellari
1396 2616 1545 2664 potest
1567 2609 1710 2653 omnis
1732 2615 1854 2652 recta
1872 2607 2094 2662 operatio;

524 2693 602 2738 sed
624 2693 923 2748 intellegenda
944 2694 1014 2738 hic
1038 2695 1260 2740 strictiore
1284 2709 1419 2740 sensu
1441 2696 1492 2749 (Ι,
1516 2695 1615 2748 257)
1641 2708 1653 2738 .·
1674 2709 1725 2738 ex
1748 2694 1896 2738 cordis
1917 2693 2097 2737 mortifi-

523 2780 697 2825 catione
735 2786 832 2824 orta
867 2786 910 2824 et
944 2781 1105 2824 mentis
1142 2781 1318 2825 oculum
1354 2781 1398 2825 in
1422 2780 1559 2825 Deum
1591 2786 1850 2824 constanter
1880 2780 2094 2833 defigens,

522 2865 710 2910 interior
732 2865 820 2909 vita
849 2872 916 2909 est
947 2865 1137 2910 hominis
1169 2866 1399 2910 Societatis
1421 2866 1472 2919 (Ι,
1497 2865 1591 2910 436.
1616 2865 1677 2910 Cf.
1703 2865 1754 2918 ΙΙ,
1779 2864 1994 2919 251-255),
2022 2865 2096 2918 qui

520 2951 573 2996 ad
609 2951 845 2996 caelestem
881 2952 1069 3006 patriam
1107 2959 1151 2996 et
1180 2952 1277 3006 ipse
1313 2952 1554 2997 contendat
1589 2959 1632 2996 et
1667 2952 1775 2996 alios
1814 2965 2095 3006 quacumque

520 3043 671 3093 potest
691 3051 776 3092 ope
799 3037 1033 3092 compellat
1055 3038 1106 3091 (Ι,
1130 3037 1224 3081 437.
1251 3038 1320 3090 ΙΙΙ,
1343 3038 1455 3092 100).
1482 3038 1571 3082 Hac
1595 3038 1648 3082 de
1670 3052 1720 3082 re
1743 3051 1832 3081 non
1856 3036 2094 3080 obscurum

521 3131 590 3170 est
610 3124 651 3169 S.
674 3124 718 3168 P.
739 3124 787 3168 N.
808 3123 1017 3168 iudicium
1034 3123 1085 3177 (l,
1105 3124 1172 3177 84,
1192 3124 1288 3177 249,
1308 3124 1422 3177 437),
1443 3124 1631 3169 volentis
1649 3138 1701 3168 ea
1722 3123 1867 3168 media
1881 3123 2093 3167 maiorem

518 3211 684 3256 hahere
719 3210 957 3255 efficaciam
995 3224 1108 3264 quae
1144 3211 1283 3264 magis
1319 3210 1663 3255 instrumentum
1694 3224 1793 3254 cum
1833 3223 1912 3253 suo
1949 3208 2093 3263 primo
