2315 3559
241 885 387 939 Reges

147 946 193 984 et
232 940 477 994 Principes,

521 223 590 277 10
746 240 995 278 1111131011
1036 242 1083 279 P..
1129 242 1174 279 P.
1216 242 1435 280 ANTONII
1475 243 1531 280 M.
1572 243 1881 281 ANDERLEDY

522 401 551 437 3
573 384 772 452 pietate
793 387 977 440 Nuntii
1000 388 1310 455 Apostolici,
1335 388 1501 441 trium
1524 388 1931 456 Episcoporum,
1963 390 2094 443 duo-

523 502 644 537 rum
690 486 1016 554 principum,
1058 506 1087 540 a
1132 488 1295 541 totius
1335 487 1411 540 rei
1457 487 1763 541 maritimae
1800 489 2088 555 praefecte,

523 583 752 638 ducibus
780 585 1009 654 1111011113,
1041 587 1268 653 aliisque
1299 586 1425 639 viris
1447 586 1815 640 nobilissimis,
1849 588 2092 653 Longum

523 691 663 737 esset
694 685 944 752 aliorum,
976 686 1069 752 qui
1103 686 1157 739 in
1189 685 1307 739 aliis
1336 686 1647 751 regionibus
1675 687 1863 739 63116111
1895 686 2092 753 pietate

527 784 934 851 splenduerunt,
966 785 1187 838 nomina
1214 786 1432 839 referre.
1464 784 1686 839 Silentio
1726 794 1905 839 tamen
1944 803 2097 852 prae-

529 884 776 938 tereundi
807 902 914 938 non
943 893 1066 938 sunt
1093 884 1470 951 Sigismundus
1500 886 1588 953 111,
1617 885 1868 939 Poloniae
1894 893 1947 938 et
1973 884 2099 938 Sue-

524 983 638 1036 ciae
676 1000 783 1050 rex,
820 983 1090 1051 principes
1124 985 1379 1038 Bavariae
1411 985 1690 1053 Philippus
1724 994 1775 1038 et
1807 984 2097 1038 Ferdinan-

525 1082 644 1148 dus,
689 1083 794 1135 dux
838 1081 1156 1149 Sabaudiae,
1188 1083 1280 1150 qui
1326 1101 1447 1137 cum
1491 1084 1658 1137 tribus
1702 1083 1828 1136 siliis
1873 1101 1919 1136 a.
1962 1081 2097 1136 1602

525 1180 807 1234 Sodalitati
851 1182 1046 1234 ascribi
1079 1182 1251 1249 pctiit.
1283 1182 1532 1237 Coloniae
1570 1183 1821 1237 Sodalicii
1861 1184 2096 1250 praesec-

524 1288 640 1333 tum
674 1298 728 1334 se
763 1281 888 1347 eligi
924 1299 1111 1348 passus
1138 1290 1217 1336 est
1244 1300 1290 1335 a.
1321 1282 1456 1337 1639
1484 1283 1874 1336 Maximilianus
1907 1282 2097 1336 Henri-

523 1398 635 1447 1113,
661 1381 767 1433 dux
788 1380 1062 1435 Bavariae.
1090 1382 1366 1436 Ladislaus
1389 1382 1472 1449 lV,
1498 1382 1750 1435 Poloniae
1772 1399 1880 1448 rex,
1898 1398 2096 1434 nomen

523 1478 804 1533 Sodalitati
867 1480 1016 1533 dedit
1078 1481 1415 1548 Lovaniensi,
1481 1481 1751 1548 aliamque
1810 1479 2097 1533 Varsaviae

525 1578 829 1632 institutam
859 1580 1045 1633 voluit.
1089 1580 1248 1634 Cuius
1288 1581 1469 1648 frater,
1508 1589 1559 1634 61
1597 1581 1709 1647 ipse
1749 1579 2000 1632 Poloniae
2037 1596 2096 1632 ac

524 1678 743 1732 Sueciae
771 1696 879 1745 reX,
906 1680 1129 1733 103111163
1151 1679 1461 1746 Casimirus,
1487 1680 1540 1733 in
1562 1679 1910 1733 Sodalitatem
1939 1695 2098 1745 coop-

525 1778 628 1831 tari
685 1779 840 1846 petiit
882 1779 1316 1840 Varsaviensem2
1366 1780 1615 1833 defensor
1666 1779 1878 1846 piorum
1936 1777 2096 1831 huius

524 1878 738 1945 generis
775 1887 1027 1933 coetuum
1056 1879 1317 1933 declarari
1350 1880 1533 1946 voluit,
1564 1887 1616 1933 et
1652 1889 1761 1932 tam
1790 1879 1904 1946 ipse
1931 1895 2095 1945 quam

526 1979 691 2032 frater
718 1979 831 2032 eius
859 1979 1230 2033 Ferdinandus
1258 1980 1449 2033 alterni
1478 1979 1814 2046 eligebantur
1841 1976 2095 2045 praefecti

526 2078 781 2133 Sodalicii
818 2080 1203 2147 Varsaviensis,
1236 2081 1380 2147 quod
1419 2080 1526 2133 fide
1564 2097 1625 2132 ac
1661 2079 1858 2146 pietate
1903 2078 2097 2132 eximia

525 2179 881 2232 illustrarunt.
923 2180 1316 2234 Archiducibus
1342 2180 1588 2233 Austriae
1615 2179 1946 2232 consuetudo
1975 2178 2093 2244 suit,

525 2280 733 2333 11011016
765 2280 946 2333 ornari
986 2298 1043 2333 ac
1077 2280 1233 2333 titulo
1267 2280 1551 2334 sodalium.
1590 2281 1889 2346 Imperator
1917 2278 2099 2331 Ferdi-

525 2380 735 2432 nandus
787 2380 829 2431 ll
882 2396 1078 2433 nomen
1129 2380 1250 2433 albo
1295 2379 1601 2434 Sodalitatis
1646 2378 1938 2432 inscribere
1983 2377 2096 2444 ipse

526 2478 714 2545 voluit,
739 2496 862 2532 cum
890 2486 1028 2532 esset
1054 2496 1143 2533 rex
1170 2479 1411 2546 quidem,
1442 2479 1683 2531 nondum
1713 2494 1839 2531 vero
1867 2477 2097 2543 impera-

526 2585 628 2631 tor.
673 2578 815 2641 Quae
861 2578 1092 2646 scripsit,
1134 2578 1207 2631 ita
1244 2578 1299 2631 in
1336 2578 1457 2631 albo
1502 2579 1753 2643 leguntur
1801 2594 1810 2629 :
1867 2590 1892 2624 (t
1943 2577 2095 2628 Anno

528 2696 554 2729 »
594 2676 809 2730 Domini
836 2676 972 2732 4618
999 2678 1086 2731 die
1113 2678 1341 2745 septima
1362 2677 1681 2731 Novembris
1704 2676 2092 2741 Ferdinandus,

528 2795 555 2828 ))
597 2776 865 2842 Ungariae
904 2776 1304 2844 Bohemiaeque
1343 2776 1469 2844 Rex,
1511 2777 1781 2830 Archidux
1828 2775 2092 2841 Austriae,

529 2893 555 2927 ))
597 2875 795 2928 sodalis
825 2875 1171 2929 Beatissimae
1198 2875 1289 2929 Dei
1317 2875 1611 2928 Genetricis
1637 2874 1872 2940 Virginis
1900 2874 2095 2927 Mariae

529 2991 556 3025 ))
597 2973 829 3040 scripsit,
861 2973 959 3026 sub
997 2974 1149 3027 cuius
1188 2974 1458 3041 praesidio
1493 2992 1548 3028 se
1587 2991 1799 3041 semper
1824 2989 2096 3026 commen-

530 3090 556 3124 »
597 3072 705 3126 dat.
740 3091 765 3124 ))
813 3073 981 3140 Idem,
1023 3091 1145 3127 cum
1184 3081 1322 3126 esset
1372 3073 1685 3140 imperator,
1728 3073 1923 3126 iterum
1974 3073 2095 3127 albo

528 3188 726 3225 nomen
765 3172 1034 3239 apposuit,
1072 3189 1398 3239 omnemque
1436 3172 1489 3225 in
1529 3172 1693 3226 Matre
1720 3172 1812 3225 Dei
1839 3172 2093 3225 fiduciam
