2315 3559
191 689 518 743 nigratianinn,

205 1407 346 1438 Ioann.
362 1407 394 1446 3,
411 1406 508 1437 16-17

274 1682 434 1725 odnin

209 1738 496 1792 Sahzuorenn

267 1819 441 1856 lh.n1a

280 1915 338 1947 lb.
353 1916 384 1952 7,
398 1916 430 1947 7.

212 1999 352 2029 Ioann.
371 1999 422 2038 15,
441 1999 492 2030 18.

217 2040 357 2071 loann.
376 2041 426 2080 16,
439 2042 491 2072 33.

253 2315 339 2347 Gal.
355 2316 387 2354 4,
403 2316 455 2347 29.

215 2812 242 2843 1.
266 2813 408 2844 Ioann.
422 2811 519 2849 216.

265 2909 435 2949 1b.aia

212 3115 354 3146 Ioann.
372 3116 423 3152 12,
438 3115 494 3148 31.

566 230 667 287 226
739 247 990 287 Ems'rom
1028 249 1077 287 R.
1121 249 1167 287 P.
1210 249 1262 287 N.
1303 249 1423 288 ANT.
1475 249 1599 287 MAR.
1646 249 1954 288 ANDERLEDY

568 394 772 448 mundo
817 393 1080 448 invidiam
1130 394 1595 461 accommodatus;
1645 411 1823 449 nonne
1873 411 2131 463 persaepe

567 500 812 546 sanetum
881 493 1012 547 illud
1081 493 1268 547 odium
1342 493 1555 547 incendi
1630 494 1792 547 etiam
1855 493 1910 547 in
1976 494 2131 547 nohis

565 591 868 659 oportebit?

634 692 751 745 Non
802 693 976 745 solum
1020 691 1409 745 beneficiorum
1454 691 1833 747 immemorem
1873 692 2127 760 munduS,

566 791 657 845 sed
732 790 1158 844 infensissimum
1231 789 1442 845 Christo
1513 791 1742 845 Domino
1811 792 1957 845 nullo
2024 808 2132 845 non

564 899 808 959 tempore
858 907 913 944 se
963 890 1216 945 ostendit.
1287 889 1441 945 Sic...
1506 891 1649 945 Deus
1714 891 1911 945 dileoez‘t
1971 909 2132 945 wran-

564 995 714 1057 dam,
772 997 834 1044 at
896 991 1114 1044 Filiam
1171 1009 1332 1044 saram
1391 991 1741 1059 unigenitam
1788 992 1941 1045 daret
1987 1004 2005 1038 .·
2073 997 2134 1044 at

564 1092 758 1157 omnia,
836 1091 932 1159 qai
1003 1090 1172 1144 eredit
1244 1090 1305 1143 in
1371 1107 1513 1156 eam,
1589 1108 1696 1144 non
1762 1096 1967 1157 pereat,
2043 1091 2133 1143 sed

565 1191 757 1244 habeat
817 1189 987 1243 vitam
1049 1195 1343 1243 aeternam.
1400 1189 1518 1244 Non
1574 1189 1723 1243 enim
1778 1189 1934 1242 misit
1991 1188 2134 1242 Deus

564 1291 614 1344 F
614 1290 780 1344 iliam
842 1290 903 1343 in
962 1291 1251 1355 mandam,
1316 1296 1377 1343 ut
1438 1290 1639 1344 iudicet
1697 1290 1986 1356 *rnamlawa
2043 1290 2133 1343 sed

564 1396 625 1443 at
689 1390 928 1443 sczlvetar
993 1390 1232 1442 mandas
1298 1406 1398 1456 per
1465 1389 1664 1456 ipsam.
1719 1387 1940 1442 Summa
2002 1388 2132 1441 haee

564 1488 919 1543 beneficentia
958 1496 1055 1555 est,
1103 1505 1211 1556 qua
1249 1488 1571 1557 ampliorem
1616 1506 1682 1543 ne
1726 1488 1864 1542 Deus
1909 1487 2131 1556 quidem

564 1588 815 1643 exhibere
861 1588 1065 1642 mundo
1111 1588 1392 1656 potuisset.

633 1688 697 1741 Et
746 1687 980 1741 mundus
1037 1704 1144 1755 quo
1195 1687 1377 1741 animo
1433 1695 1638 1741 tantam
1694 1686 1925 1754 gratiam
1987 1704 2133 1742 exce-

564 1787 675 1856 pit?
734 1788 973 1842 Mandas
1033 1806 1157 1842 eam
1216 1807 1323 1842 non
1395 1789 1650 1857 coynovit.
1723 1788 1950 1842 Mundus
2018 1788 2133 1843 odit

564 1890 888 1943 salvatorem
939 1907 1096 1943 suum
1113 1908 1126 1956 3
1185 1897 1319 1943 teste
1374 1888 1424 1943 S.
1479 1889 1696 1944 Ioanne.
1745 1889 1948 1944 Eodem
1998 1896 2131 1944 teste

565 1990 681 2044 odit
729 1997 781 2044 et
829 1990 1173 2058 persequitur
1231 1991 1533 2057 Apostolos
1593 1990 1821 2044 Mundus
1877 1989 2021 2043 enim
2071 2006 2132 2044 ex

563 2108 723 2145 carne
785 2099 882 2158 est,
948 2098 999 2145 et
1060 2097 1278 2145 auctore
1344 2091 1619 2159 ApostolO,
1685 2091 1780 2159 qai
1838 2091 2131 2145 secandam

564 2208 780 2245 carnem
841 2197 1004 2244 natas
1076 2191 1273 2259 fuerat,
1342 2190 1759 2259 persequebatur
1823 2207 1965 2256 eam,
2037 2190 2132 2258 qai

562 2292 856 2345 securatam
898 2291 1162 2358 spiritam
1207 2309 1225 2343 .·
1263 2290 1343 2343 ica
1378 2296 1427 2344 et
1469 2308 1629 2344 nane.
1679 2291 1870 2344 ismael
1910 2290 2132 2344 vexabat

564 2391 787 2445 fratrem
856 2390 999 2444 Isaac
1017 2408 1029 2456 ;
1101 2390 1291 2444 eodem
1359 2389 1542 2443 animo
1604 2389 1815 2458 profani
1883 2389 2130 2444 homines

564 2507 746 2545 servos
792 2490 988 2545 Christi
1033 2490 1218 2544 fideles
1262 2489 1610 2544 insectantur.

634 2591 747 2644 Huc
797 2589 1021 2657 accedit,
1075 2589 1220 2657 quod
1270 2607 1442 2655 omne,
1495 2591 1632 2658 qaod
1679 2595 1755 2643 est
1804 2589 1865 2643 in
1906 2590 2126 2653 azariae,

564 2691 992 2758 eoncupiscentia
1040 2690 1223 2743 earnis
1282 2696 1374 2752 est,
1434 2696 1483 2743 et
1537 2689 1965 2756 eoncupiscentia
2012 2705 2131 2742 oea-

567 2792 744 2844 lorum
787 2796 835 2844 et
877 2790 1133 2856 superbia
1175 2790 1333 2843 vitae.
1381 2789 1619 2843 Mandas
1668 2788 1834 2854 igitur
1885 2794 2020 2842 totas
2069 2788 2127 2842 in

564 2891 809 2958 maliano
866 2889 1074 2956 positus
1122 2895 1198 2943 est
1247 2888 1480 2957 principi
1531 2905 1627 2942 suo
1680 2887 1932 2942 daemoni
1985 2888 2127 2941 malo

564 2989 922 3045 consentiens,
998 2989 1071 3043 De
1143 3006 1250 3057 quo
1319 2988 1453 3043 duee
1524 2988 1845 3042 vaticinatur
1921 2987 2126 3042 Veritas

564 3099 782 3145 aeterna
835 3107 845 3143 :
898 3090 1161 3156 Princeps
1210 3089 1378 3143 haias
1427 3089 1624 3142 mandi
1681 3087 1906 3141 eicietar
1958 3087 2121 3155 foras.

564 3192 737 3256 Quare
779 3190 1023 3245 Salvator
1060 3189 1250 3242 mundi
1288 3188 1342 3243 in
1380 3204 1646 3255 sermone,
1687 3186 1781 3255 qui
1819 3186 1867 3241 ei
1904 3186 2125 3241 ultimus
