2315 3559
171 234 237 274 DE
258 233 564 273 REPETENDA
582 233 653 271 ss.
673 230 843 283 PETRI,
861 230 1040 269 IOANN.
1060 230 1122 267 ΕΤ
1140 229 1293 268 ΑιΡΗ.
1312 229 1552 268 MEMORIA
1589 213 1689 270 195

133 387 268 445 tum,
309 378 620 445 nullamque
659 375 759 430 sibi
797 376 986 429 horam
1026 390 1248 428 vacuam
1292 390 1321 427 a
1365 373 1689 441 paenitentia

135 495 249 532 esse
293 476 613 545 patiebatur.

205 576 355 629 Favit
403 583 581 629 autem
626 575 762 628 Deus
819 574 1070 627 militanti
1122 573 1219 627 sub
1269 572 1449 627 Crucis
1502 571 1689 626 vexillo

135 692 288 729 servo
333 674 507 739 fideli3
550 673 753 739 gratiae
791 672 946 726 donis
986 690 1108 726 eum
1147 672 1292 725 auxit
1329 670 1691 737 singularibus

135 782 186 828 et
228 774 473 828 laborum
519 772 778 826 fructibus
823 772 1131 825 mirandum
1177 770 1231 824 in
1281 770 1503 824 modum
1548 771 1692 824 locu-

136 873 374 942 pletavit.

204 974 295 1027 Ille
345 990 470 1027 vero
520 971 779 1027 orationis
828 971 1112 1025 continuae
1168 970 1365 1037 studio,
1419 969 1692 1038 obtempe-

136 1072 304 1126 rando
349 1071 575 1138 legibUS,
628 1070 848 1124 caritate
898 1087 956 1123 ac
1006 1068 1351 1137 paenitentia,
1404 1067 1555 1121 cuius
1611 1067 1692 1121 vel

136 1170 369 1238 speciem
413 1171 598 1224 horret
641 1169 852 1223 animus
897 1168 1222 1235 cogitatione
1261 1167 1554 1235 percipere,
1596 1183 1692 1220 nos

137 1269 350 1323 edocuit
398 1286 626 1335 regnum
676 1270 946 1323 caelorum
986 1268 1096 1321 vim
1135 1267 1264 1335 pati,
1306 1266 1694 1333 hominemque

137 1387 374 1438 segnem,
429 1378 736 1437 parcentem
781 1369 902 1436 sibi,
956 1369 1342 1436 obsequentem
1393 1366 1552 1434 genio
1597 1383 1692 1420 suo

137 1478 188 1524 et
236 1469 496 1524 libertatis
541 1470 733 1537 amori,
786 1469 917 1523 illud
968 1486 1074 1523 non
1125 1485 1330 1536 rapere,
1385 1467 1475 1521 sed
1520 1465 1696 1521 homi-

136 1587 259 1623 nem
309 1569 619 1637 violentum,
667 1568 944 1623 hominem
989 1568 1141 1621 illum
1186 1567 1280 1635 qui
1326 1567 1376 1620 vi
1426 1566 1595 1620 utitur
1645 1573 1696 1620 et

136 1668 494 1735 contentione,
548 1669 839 1722 reluctante
885 1665 1231 1734 quantumvis
1276 1673 1484 1718 natura.

203 1767 287 1823 30.
354 1767 580 1822 Heroica
647 1766 869 1834 quidem
941 1774 1090 1833 gesta
1157 1764 1208 1819 S.
1286 1764 1428 1819 Petri
1495 1764 1696 1818 referre

138 1866 379 1921 moribus
423 1865 619 1921 nostris
657 1883 764 1920 non
808 1882 1092 1933 possumus
1116 1883 1128 1931 ;
1171 1864 1311 1918 vires
1362 1863 1506 1918 enim
1543 1880 1697 1931 supe-

137 1975 257 2021 rant
304 1968 586 2021 humanas
638 1965 853 2020 Utinam
905 1973 1112 2020 tantum
1164 1964 1318 2019 nobis
1368 1964 1437 2018 sit
1485 1962 1695 2018 roboris

139 2085 199 2121 ac
251 2084 561 2134 nervorum,
614 2074 673 2120 ut
727 2083 788 2120 ea
837 2074 1103 2120 sectemur
1157 2073 1317 2133 atque
1372 2064 1696 2119 adumbrare

139 2184 414 2234 conemur,
456 2183 619 2220 onera
657 2166 935 2220 subeundo
974 2166 1155 2232 legum
1192 2165 1525 2219 nostrarum!
1561 2164 1696 2219 Sane

139 2265 360 2334 quidem
432 2265 690 2333 cogitanti
770 2265 901 2333 quid
981 2264 1198 2332 laboriS,
1287 2264 1450 2319 taedii
1534 2272 1696 2332 atque

138 2384 520 2421 aerumnarum
593 2366 818 2433 insignis
892 2365 984 2420 Dei
1064 2366 1294 2420 famulus
1379 2364 1691 2433 susceperit,

139 2466 432 2521 severiores
472 2483 579 2520 non
623 2465 950 2520 videbuntur
993 2465 1409 2521 Constitutiones
1448 2473 1691 2531 nostrae;

138 2586 313 2636 neque
357 2585 515 2634 aegre
564 2568 715 2635 feret,
769 2566 862 2635 qui
906 2567 1037 2621 haec
1087 2565 1415 2634 expenderit,
1470 2583 1697 2634 pauper-

138 2667 262 2721 tatis
300 2667 622 2734 angustiam,
663 2684 839 2735 neque
877 2666 1016 2721 vitae
1052 2665 1355 2721 communis
1400 2665 1692 2732 molestias,

138 2784 313 2834 neque
362 2766 554 2820 iniecta
603 2765 757 2819 nobis
807 2765 1179 2820 oboedientiae
1225 2765 1453 2818 vincula.
1502 2764 1695 2819 Contra

140 2883 331 2933 parum
371 2882 426 2919 se
464 2864 792 2933 praestitisse
830 2864 1056 2932 putabit,
1100 2863 1310 2919 etiamsi
1349 2863 1404 2917 in
1442 2863 1507 2917 iis
1557 2880 1695 2932 quae

140 2965 476 3033 praecipiunt
526 2965 742 3031 regulae
808 2964 1120 3031 diligentem
1181 2981 1237 3019 se
1296 2981 1355 3018 ac
1406 2962 1695 3018 sollicitum

142 3065 466 3134 praebuerit.

207 3164 292 3221 31.
339 3165 561 3221 Summo
633 3164 777 3220 enim
845 3181 903 3218 ac
963 3172 1179 3219 aeterno
1239 3163 1467 3219 Domino
1532 3162 1693 3216 vitam

1795 1772 2007 1817 imitanda

1839 1828 1961 1879 haec,

1761 1883 1906 1935 quoad
1935 1882 2051 1925 vires

1768 1944 2026 1991 suppetunt,

1769 3183 1920 3215 amore
1941 3169 2034 3224 Dei,
