2315 3559
525 196 628 251 388
949 215 1267 254 suMMARIUM
1309 216 1673 254 EPISTULARUM

635 356 786 401 vivere
804 358 1020 412 cogimur,
1044 365 1088 403 et
1109 360 1182 413 qui
1199 366 1441 414 propterea
1462 361 1643 405 nimium
1665 361 1791 405 facile
1816 363 1955 416 serpit
1974 364 2092 408 inter

636 449 813 488 nostros
844 444 1043 498 iuvenes,
1063 459 1162 488 cum
1188 445 1480 490 subversione
1503 447 1684 501 spiritus
1707 446 2029 503 oboedientiae,
2050 456 2093 494 et

635 530 768 574 totius
808 530 1036 574 Societatis
1071 531 1297 585 pernicie3
1336 546 1449 586 quae
1484 548 1584 577 cum
1624 534 1764 577 instar
1798 535 1976 580 militiae
2019 537 2088 590 sit,

631 615 816 659 militum
838 616 984 670 potius
1018 616 1316 660 necessariam
1339 617 1665 662 oboedientiam
1697 620 1908 664 aemulari
1943 621 2089 676 dehet,

631 702 895 755 praesertim
918 716 1017 745 cum
1036 701 1172 746 simus
1188 702 1348 747 milites
1371 703 1607 748 voluntarii
1624 704 1781 749 Christi
1804 705 1950 751 Ducis.

522 786 660 831 17-18.
695 786 812 831 Haec
834 787 1009 831 interna
1037 788 1237 842 pericula
1267 788 1303 832 si
1324 789 1575 844 vitabimus,
1599 790 1709 835 adeo
1735 805 1823 835 non
1847 791 2085 837 dolendum

630 872 715 917 erit
734 873 788 917 de
819 873 1029 927 externis,
1053 879 1101 918 ut
1136 875 1337 928 quamvis
1372 875 1602 929 lugeamus
1636 877 1947 932 imperfectum
1986 893 2089 924 nos-

628 964 761 1012 trum,
785 973 837 1003 ex
858 959 910 1003 iis
931 959 1040 1014 ipsis
1062 960 1287 1006 confidere
1308 963 1548 1017 possimus,
1581 978 1662 1009 nos
1694 965 1935 1010 etiamnum
1957 980 2089 1011 veros

631 1058 730 1089 esse
753 1046 853 1089 Iesu
876 1047 1038 1091 socios.

518 1130 656 1176 19-025.
683 1131 731 1175 In
754 1132 914 1187 quibus
935 1133 1147 1188 periculis
1168 1141 1423 1180 nostrarum
1444 1136 1635 1191 partium
1658 1143 1726 1181 est
1745 1137 1907 1182 imitari
1929 1136 2087 1182 Christi

627 1218 867 1273 discipulos
903 1219 1102 1264 adversis
1136 1220 1343 1266 fluctibus
1378 1222 1562 1267 iactatos
1597 1223 1642 1268 in
1666 1223 1881 1278 navicula,
1906 1226 1949 1268 1Ο
1970 1225 2089 1269 colli-

624 1304 803 1359 ligendo
826 1305 924 1350 vela
943 1320 1027 1361 per
1055 1307 1337 1361 prudentiam
1359 1309 1404 1353 in
1426 1310 1626 1363 agend03
1649 1309 1694 1354 2⁰
1715 1311 1964 1356 coniunctis
1986 1311 2088 1356 viri-

624 1389 708 1434 bus
742 1391 1004 1446 remigando
1038 1407 1122 1447 per
1165 1394 1415 1449 caritatem3
1457 1395 1501 1439 30
1540 1395 1782 1441 laborando
1827 1397 1962 1441 remis
2006 1411 2088 1452 per

623 1477 938 1532 humilitatem;
971 1480 1015 1522 4⁰
1045 1480 1274 1525 excitando
1308 1488 1352 1526 et
1386 1482 1681 1527 desiderando
1718 1483 1973 1538 Magistrum
2004 1498 2088 1538 per

623 1564 871 1610 fiducialem
894 1566 1157 1612 orationem.
1182 1567 1431 1613 Conclusio.

512 1733 623 1789 VII.
655 1749 720 1788 AD
749 1750 943 1790 PATREs
970 1752 1034 1790 ET
1067 1752 1300 1792 FRATRES
1335 1754 1651 1807 SOCIETATIS,
1682 1739 1742 1794 <21
1781 1748 1916 1809 sept.
1948 1740 2085 1796 1845

926 1857 1003 1912 De
1039 1859 1318 1925 praesenti
1360 1860 1671 1915 calamitate

949 1978 1123 2046 (Tom.
1156 1980 1221 2048 II,
1253 1998 1341 2049 pp.
1372 1979 1647 2049 443-456.)

511 2139 549 2182 1.
570 2138 618 2183 ln
639 2140 866 2193 praesenti
889 2140 1135 2186 calamitate
1157 2142 1383 2186 afferenda
1405 2142 1569 2187 solacia
1591 2150 1634 2188 et
1649 2144 1942 2188 hortamenta.

509 2225 595 2270 2-3.
621 2226 789 2271 Solacio
823 2234 940 2282 sunt,
978 2228 1202 2274 Ecclesiae
1233 2229 1491 2274 Praesidum
1522 2245 1647 2275 amor
1674 2231 1719 2275 in
1749 2231 2010 2276 Societatem
2042 2238 2085 2276 et

618 2313 870 2369 prudentia,
895 2320 939 2359 et
955 2316 1178 2360 sociorum
1199 2316 1244 2360 in
1262 2316 1397 2360 Gallia
1418 2317 1675 2371 religiosum
1699 2318 1977 2372 obsequium.

509 2399 622 2444 4-12.
648 2399 862 2444 Hortandi
884 2407 1031 2446 autem
1054 2416 1206 2447 sumus
1231 2417 1240 2446 :
1265 2404 1307 2446 1ο
1328 2403 1385 2448 Ut
1413 2404 1696 2449 humiliemur
1717 2404 1798 2449 sub
1820 2419 1954 2449 manu
1974 2404 2077 2459 Dei;

620 2487 847 2542 quodiam
878 2502 1012 2544 saepe
1048 2490 1420 2545 commendatum,
1444 2491 1684 2536 etiamnum
1716 2491 1936 2547 aliquibus
1958 2497 2080 2536 certe

618 2573 929 2618 inculcandum
965 2581 1047 2630 est,
1073 2575 1147 2630 qui
1168 2576 1335 2620 frustra
1365 2577 1593 2622 Societatis
1629 2577 1814 2632 gloriam
1842 2578 1924 2622 sibi
1959 2591 2081 2622 arro-

619 2665 739 2714 gant,
778 2666 903 2714 grato
942 2661 1119 2715 quidem
1155 2663 1301 2706 animo
1336 2664 1685 2717 memorandam,
1724 2664 1801 2708 sed
1836 2664 2079 2708 humilitate

619 2745 997 2800 conservandam;
1037 2761 1149 2801 quae
1184 2755 1347 2802 quanta
1369 2749 1425 2793 sit
1446 2756 1638 2804 oportet,
1672 2750 1707 2793 si
1730 2764 1812 2794 nos
1834 2764 1933 2794 cum
1969 2750 2079 2795 Con-

619 2831 922 2876 stitutionibus
945 2838 988 2876 et
1010 2833 1187 2878 Patrum
1210 2835 1422 2889 exemplis
1453 2836 1761 2880 conferamus!
1789 2835 2075 2880 Vexationum

619 2915 780 2971 duplex
810 2930 943 2961 causa
967 2931 976 2960 :
1010 2918 1157 2962 odium
1188 2919 1442 2974 impiorum,
1466 2927 1510 2964 et
1530 2927 1710 2965 nostrae
1732 2921 1903 2975 culpae.
1929 2921 2077 2965 Poste-

617 3003 784 3048 riorem
811 3003 1035 3048 humiliter
1056 3012 1368 3059 agnoscentes,
1400 3007 1647 3051 remedium
1668 3007 1793 3051 malis
1815 3007 2072 3060 afferemus3

619 3104 719 3135 nam
743 3089 859 3136 Deus
879 3090 1116 3136 humilibus
1133 3093 1205 3137 dat
1226 3094 1426 3147 gratiam.

509 3176 649 3221 13-16.
674 3176 719 3221 ΞΟ
739 3176 796 3221 Ut
817 3190 869 3221 ex
889 3177 1131 3222 humilitate
1153 3185 1306 3224 nostra
1326 3193 1612 3234 assurgamus
1633 3180 1687 3224 ad
1708 3179 1846 3225 Deum
1867 3193 1950 3235 per
1978 3193 2074 3225 ora—
