2315 3559
569 204 671 260 ⁶264
743 221 992 260 EPISTOLA
1030 223 1079 260 R.
1124 222 1168 260 P.
1211 224 1263 261 N.
1306 222 1426 261 ANT.
1476 223 1599 263 MAR.
1647 225 1955 264 ANDERLEDY

638 367 710 421 Ea
776 367 1014 422 caritatis
1082 369 1198 435 lege
1265 368 1505 424 munitus
1571 370 1622 425 S.
1695 371 1879 426 Frater
1944 380 2127 428 noster

568 470 761 523 sortem
818 469 951 522 adeo
1020 476 1071 522 et
1138 477 1473 526 constantem
1534 471 1776 525 animum
1833 471 2017 540 gessit,
2070 481 2130 527 ut

567 587 689 624 cum
746 570 928 636 regula
974 576 1242 637 ageretur,
1290 572 1365 625 vel
1417 572 1728 640 praesidum
1785 574 2124 641 mandatum,

567 669 900 738 principibus
969 669 1130 723 etiam
1200 670 1348 739 viris,
1419 672 1701 741 quidpiam
1763 674 2124 742 poscentibUS,

565 770 873 838 significare
934 787 1041 824 non
1098 771 1353 826 metuerit
1406 791 1512 828 non
1563 774 1735 839 licere,
1789 774 1995 829 obstare
2049 792 2129 829 re-

563 872 769 939 gulam.
820 869 954 923 Huic
999 872 1238 939 parendo
1283 889 1601 941 persuasum
1641 873 1741 927 sibi
1783 881 1914 940 erat,
1957 873 2125 943 ipsius

564 990 618 1027 se
662 972 753 1026 Dei
798 972 1173 1041 obtemperare
1219 974 1500 1028 voluntati,

630 1072 773 1126 Velle
823 1072 1047 1140 quidem
1097 1073 1284 1140 Deum,
1332 1081 1391 1128 ut
1434 1074 1598 1128 etiam
1649 1075 1934 1129 hominum
1986 1075 2124 1131 ratio

563 1173 842 1239 habeatur,
896 1173 1017 1240 quis
1068 1173 1381 1240 negaverit?
1425 1174 1607 1229 Mundi
1658 1182 1838 1230 tamen
1888 1194 2048 1230 causa
2096 1195 2126 1231 a

561 1275 747 1341 regula
809 1273 1195 1329 discedendum
1259 1292 1366 1329 non
1423 1282 1518 1342 est,
1579 1292 1754 1343 neque
1821 1276 2119 1343 generatim

561 1375 845 1429 hominum
895 1375 1069 1442 gratia
1113 1394 1142 1429 a
1187 1377 1303 1443 lege
1349 1376 1559 1430 deflecti
1611 1376 1811 1445 licebit,
1869 1377 1972 1432 nisi
2023 1379 2122 1434 hoc

559 1476 783 1530 suadeat
843 1475 980 1530 ratio
1053 1494 1217 1544 quam
1278 1477 1386 1531 Deo
1442 1476 1660 1545 probari
1722 1476 2120 1544 intellegamus.

558 1576 670 1640 Qua
715 1576 780 1630 de
825 1593 882 1630 re
925 1593 1033 1630 non
1078 1594 1291 1644 semper
1329 1576 1383 1630 in
1422 1584 1678 1645 promptu
1722 1585 1802 1632 est
1838 1577 2119 1647 iudicium,

558 1685 672 1731 turn
736 1677 1052 1746 praesertim
1117 1695 1238 1732 cum
1302 1679 1383 1732 vel
1446 1678 1732 1732 hominum
1796 1696 1972 1733 mores
2041 1681 2122 1735 vel

557 1786 822 1847 tempora,
881 1779 963 1833 vel
1019 1779 1261 1833 locorum
1324 1779 1461 1833 ratio
1524 1778 1733 1846 legibus
1794 1779 2120 1848 quibusdam

556 1877 753 1932 nostris
793 1878 972 1932 favere
1010 1895 1119 1933 non
1158 1877 1427 1933 videntur.
1469 1877 1654 1933 Tutius
1682 1887 1862 1934 autem
1890 1878 1945 1934 in
1971 1887 2123 1934 tuen-

556 1978 681 2032 dam
732 1977 911 2046 potius
961 1978 1136 2044 legem
1187 1977 1530 2045 inclinamur,
1586 1995 1750 2046 quam
1795 1978 1849 2032 in
1895 1980 2120 2034 eandem

555 2077 1004 2132 labefactandam.

624 2176 775 2241 Quod
826 2184 907 2231 est
967 2175 1130 2230 etiam
1191 2175 1572 2231 Constitutioni
1631 2177 1942 2233 Pontificiae
1997 2195 2122 2233 con-

555 2284 892 2331 sentaneum.
941 2275 1073 2330 Cum
1130 2275 1275 2330 enim
1332 2293 1372 2330 s,
1422 2293 1495 2331 m.
1546 2276 1669 2331 Pius
1719 2277 1830 2345 VII,
1872 2295 1969 2346 pro
2014 2278 2121 2333 exi-

555 2376 665 2430 mia
700 2376 754 2430 in
788 2374 1045 2430 Ordinem
1084 2383 1331 2430 nostrum
1365 2376 1757 2445 benevolentia,
1799 2376 2118 2433 Societatem

554 2494 723 2546 paene
767 2476 1080 2531 exstinctam
1117 2477 1184 2531 ad
1212 2476 1376 2532 vitam
1417 2476 1472 2531 in
1518 2477 1648 2532 orbe
1692 2485 1960 2533 terrarum
2005 2485 2117 2534 toto

554 2584 849 2644 revocaret,
897 2576 1192 2644 Regulares
1236 2576 1461 2633 Ordines
1507 2577 1803 2646 Religionis
1848 2586 1900 2633 et
1944 2578 2119 2634 Eccle-

553 2676 664 2732 siae
707 2676 1010 2732 Catholicae
1061 2677 1404 2745 splendorem
1449 2685 1501 2733 et
1543 2680 1792 2734 columen
1837 2696 1951 2734 esse
1995 2697 2118 2749 pro-

552 2778 839 2833 nuntiavit.
904 2778 1084 2833 Doluit
1143 2787 1324 2833 tamen
1381 2779 1715 2835 fatiscentem
1772 2797 1960 2835 eorum
2011 2781 2118 2836 dis-

551 2879 826 2948 ciplinam.
874 2878 1152 2934 Societatis
1197 2897 1324 2935 vero
1369 2880 1617 2936 homines
1672 2888 2014 2950 expertorum
2065 2890 2117 2937 et

554 2979 856 3036 validorum
878 2980 933 3034 in
957 2980 1097 3034 Petri
1119 2981 1365 3036 navicula
1385 2981 1655 3049 remigum
1677 2982 1894 3037 nomine
1915 2982 2111 3050 affecit,

550 3080 826 3136 confidens
863 3097 953 3136 eos
982 3081 1095 3135 fore
1132 3081 1243 3135 suis
1271 3082 1470 3150 regulis
1509 3082 1695 3137 fideles
1734 3083 1795 3138 in
1832 3084 1984 3138 omni
2010 3084 2114 3138 loco

552 3199 611 3235 ac
663 3188 910 3248 tempore.
967 3180 1105 3236 Ilaec
1156 3181 1300 3236 enim
1352 3189 1431 3236 est
1481 3181 1754 3237 Pontificis
1804 3182 2108 3237 sententia:
