2315 3559
466 199 514 236 n.
559 198 604 236 r.
650 198 700 236 N.
742 196 959 235 ANToNn
999 196 1055 234 Μ.
1097 196 1405 236 ANDERLEDY
1611 181 1711 237 407

155 342 221 389 30.
266 342 477 387 Imitanda
496 342 620 395 haec,
645 340 789 396 quoad
805 340 923 385 vires
945 346 1201 396 suppetunt,

155 428 294 474 31-35.
319 443 469 473 amore
490 428 582 483 Dei,
602 426 822 471 desiderio
844 426 1022 471 iuvandi
1042 426 1244 471 homines
1266 425 1426 480 quibus
1443 425 1513 470 alii
1534 432 1712 480 praesto

266 528 353 558 non
389 520 505 565 sunt,
541 513 594 557 ad
629 512 875 566 exemplum
910 512 1290 556 missionariorum
1331 516 1601 563 nostrorum,
1635 525 1714 566 spe

263 600 429 654 gloriae
452 599 761 653 sempiternae,
785 604 938 652 partae
959 597 1270 643 observatione
1291 596 1407 642 fideli
1425 596 1628 642 Instituti.

153 686 221 731 36.
264 686 511 731 Institutum
528 685 662 739 igitur
682 684 893 738 cognosci
909 684 1053 729 dehet.

152 771 218 816 37.
263 771 428 815 Damna
457 770 735 824 ignorantiae
766 769 956 814 Instituti
993 783 1083 814 non
1117 768 1245 823 levia,
1283 781 1472 824 quorum
1507 767 1713 823 gravissi-

260 872 380 902 mum
402 863 469 902 est
488 856 596 901 falsa
618 856 826 911 opinandi
844 856 971 909 ratio,

151 944 219 989 38.
261 949 351 988 tum
374 942 633 997 generatim,
656 948 747 987 tum
770 941 997 997 speciatim
1019 941 1073 986 de
1095 940 1405 996 dignitatibus3

152 1029 218 1073 39.
263 1029 316 1073 de
336 1028 572 1083 paroeciis,

151 1115 292 1161 40-41.
317 1114 370 1159 de
382 1113 646 1159 monialibus
669 1120 712 1158 et
732 1113 786 1158 de
802 1113 977 1158 feminis
995 1113 1122 1158 simul
1144 1112 1422 1168 degentibus.

151 1201 217 1245 42.
261 1200 323 1245 De
340 1200 447 1244 socii
468 1199 635 1254 regula.

150 1286 290 1330 43-44.
323 1285 395 1330 Vis
416 1285 563 1340 legum
584 1285 829 1340 repetenda
864 1291 931 1330 est
965 1298 989 1329 a
1022 1284 1218 1330 fontibus
1252 1284 1361 1329 iuris
1392 1283 1548 1338 nostri,
1572 1297 1663 1328 non
1686 1297 1711 1328 a

260 1371 580 1416 consuetudine
599 1385 891 1425 quacumque.
913 1370 1009 1416 Non
1025 1370 1290 1416 inveteravit
1305 1369 1514 1415 Societas.
1535 1368 1711 1415 Priscae

260 1455 483 1500 fidelitatis
505 1455 833 1500 documentum.

185 1611 242 1666 V.
274 1627 340 1666 AD
379 1628 572 1666 PATnEs
601 1628 664 1666 ET
698 1628 927 1666 FffiTREs
963 1625 1278 1678 socm'rxris,
1311 1610 1372 1665 21
1411 1628 1533 1666 nov.
1575 1608 1704 1665 1891

152 1743 227 1798 De
253 1743 490 1797 vanitate
521 1760 707 1797 rerum
734 1742 1108 1796 humanarum
1140 1742 1378 1809 exemplo
1403 1740 1458 1796 S.
1494 1741 1712 1808 Aloysii

727 1842 1124 1896 contemnenda.

583 1961 753 2027 (Tom.
786 1960 869 2028 IV,
901 1978 989 2029 pp.
1027 1958 1278 2027 218-267)

178 2115 216 2158 1.
259 2112 453 2168 Despicit
467 2112 680 2156 mundum
697 2111 915 2166 Aloysius.

175 2199 215 2243 Ξ.
258 2199 397 2243 Etiam
419 2212 443 2242 a
458 2197 586 2242 nobis
609 2197 888 2252 spernendus
905 2202 972 2242 est
990 2196 1197 2248 mundus,
1221 2210 1274 2241 ex
1294 2210 1428 2241 carne
1449 2202 1588 2251 ortus,
1611 2209 1710 2241 cum

260 2284 417 2340 spiritu
432 2298 652 2339 pugnans,
676 2283 905 2327 discidium
927 2283 1124 2327 inferens
1145 2283 1190 2327 in
1209 2282 1449 2327 humanum
1470 2297 1625 2337 genus.
1650 2282 1710 2327 Ex

261 2383 347 2424 quo
372 2374 560 2423 surgunt
576 2368 687 2412 duae
705 2368 919 2422 civitates,
943 2368 1021 2412 Dei
1042 2374 1087 2413 et
1099 2368 1344 2413 hominum.

177 2456 261 2500 6-8.
286 2455 350 2499 Ad
370 2455 481 2499 hanc
503 2454 697 2509 pertinet
726 2454 916 2498 mundus
946 2454 1127 2498 vanitati
1157 2454 1344 2508 deditus,
1374 2453 1604 2509 insipiens,
1629 2467 1709 2509 spe

260 2540 456 2595 orbatus,
473 2545 707 2584 contumax
727 2539 772 2583 in
788 2539 943 2593 Deum,
968 2539 1170 2584 saeviens
1191 2539 1237 2583 in
1257 2539 1475 2594 homines,
1492 2539 1663 2595 positus
1685 2553 1709 2584 a

259 2626 428 2671 Christo
464 2625 558 2669 Dno
594 2625 638 2668 in
676 2624 804 2679 culpa
834 2625 994 2679 ingrati
1030 2624 1177 2679 animi,
1220 2625 1306 2669 odii
1345 2625 1390 2670 in
1419 2624 1704 2679 Salvatorem,

260 2717 428 2755 amatus
450 2710 503 2754 ab
525 2709 776 2755 hominibus
792 2710 977 2765 ignavis.

176 2798 215 2842 9.
258 2798 293 2842 A
309 2796 437 2841 nobis
455 2802 522 2841 est
542 2796 829 2841 debellandus
849 2811 858 2840 :

151 2883 216 2929 10.
259 2883 292 2927 Ι.
329 2883 377 2927 In
418 2881 562 2936 nohis,
596 2881 698 2936 quia
730 2881 821 2927 Deo
856 2896 1007 2928 sumus
1042 2883 1187 2937 dicati,
1224 2883 1414 2939 proinde
1449 2883 1639 2939 separati
1685 2897 1710 2927 a

263 2967 445 3021 mundo,

151 3052 289 3098 11-13.
308 3053 407 3107 lege
425 3053 669 3106 clausurae,
689 3052 773 3098 lata
795 3066 819 3096 a
847 3053 889 3097 S.
914 3053 988 3098 Pio
1010 3053 1059 3109 V,
1082 3067 1107 3097 a
1127 3054 1342 3109 Gregorio
1363 3053 1472 3107 xm,
1497 3067 1521 3098 a
1542 3052 1704 3098 Bened.

259 3137 366 3192 XIV,
389 3152 413 3182 a
428 3139 469 3182 S.
495 3138 678 3192 Ignatio‚
699 3151 722 3182 a
743 3138 782 3183 S.
802 3138 958 3183 Franc.
977 3139 1185 3190 Xaverio;
