2315 3559
1737 219 1759 228 ν

343 233 410 269 DE
436 233 514 269 BB.
547 232 672 268 EDM.
705 232 952 268 CAMPIANI
982 232 1044 268 ET
1071 232 1331 269 SOCIORUM
1364 234 1624 270 MAnTYluo
1699 219 1765 271 Γ»)

208 375 331 427 tatis
359 374 638 440 sustinent,
670 382 1085 441 nostrorumque
1118 376 1397 427 hominum
1436 376 1760 428 assidui-ium

207 472 453 538 excitant,
496 479 547 525 et
584 473 727 538 quod
764 480 922 538 eaput
955 481 1051 539 est,
1093 489 1198 524 non
1234 473 1334 525 sibi
1374 473 1630 539 serx‘iui'it,
1672 476 1759 526 sed

206 569 409 634 gloriae
448 569 538 622 Dei
575 577 625 622 et
658 570 723 623 ad
763 587 823 622 ea
857 588 993 636 quae
1028 578 1206 622 sancta
1242 579 1381 637 sunt,
1413 580 1589 623 sain-te
1625 589 1765 624 exse-

206 669 420 734 quenda
447 668 745 733 eriguntur.

272 764 356 819 31.
388 764 612 819 Omnem
635 766 777 819 enim
800 767 1065 819 actionem
1088 776 1325 820 nostram
1349 769 1600 834 splendor
1622 769 1766 821 illus-
1861 786 2083 829 ntsancte,

206 871 346 916 trare
381 864 537 917 debet
573 864 784 917 virtutis
823 873 873 917 et
911 866 1224 918 sanctitatis,
1261 866 1419 918 Cuius
1454 866 1763 932 opinionem

204 963 343 1029 apud
398 963 642 1016 homines
693 964 833 1030 parit
882 963 1131 1029 religiosa
1181 965 1270 1017 illa
1319 964 1554 1030 gravitas
1604 973 1765 1032 atque

204 1060 419 1113 habitus
458 1061 563 1128 ille,
611 1079 773 1129 quem
818 1062 871 1114 iu
916 1062 1115 1127 regulis
1154 1063 1448 1116 modestiae
1488 1071 1762 1130 tamquam

206 1159 261 1212 in
303 1160 478 1226 speeie
516 1167 677 1227 atque
715 1161 952 1227 imagine
978 1162 1311 1215 cernimus..
1339 1162 1428 1214 Est
1461 1162 1604 1215 enim
1634 1163 1763 1216 haee

204 1259 467 1312 modestia
495 1259 661 1312 animi
688 1277 810 1312 eum
832 1259 938 1313 Deo
959 1260 1229 1313 coniuncti
1251 1260 1451 1325 effigies
1474 1262 1760 1328 quaedam,

204 1375 343 1424 quae
370 1357 509 1410 miro
537 1359 699 1411 modo
730 1358 939 1411 homini
967 1359 1217 1424 religioso
1245 1359 1493 1412 ronstiliat
1521 1377 1765 1413 reveren-

206 1457 335 1509 tiam
385 1475 394 1509 :
443 1458 740 1523 eademque
784 1457 848 1510 iis
899 1458 1209 1525 sustinetur,
1257 1476 1393 1525 quae
1440 1473 1464 1505 «
1507 1459 1763 1512 interiora

208 1574 233 1607 ))
274 1564 397 1608 sunt
431 1564 482 1608 et
516 1573 575 1609 ex
613 1556 808 1623 quibus
847 1557 1136 1610 efficaciam
1169 1558 1234 1610 ad
1265 1557 1526 1610 exteriora
1554 1575 1765 1625 perma-

208 1673 233 1705 ))
274 1672 402 1708 nare
430 1662 657 1721 oportet.
687 1675 711 1707 ))
746 1655 838 1708 His
880 1657 985 1709 vim
1020 1657 1210 1709 tribuit
1240 1656 1289 1710 S.
1323 1657 1560 1722 ignatius
1597 1658 1764 1710 maxi-

204 1770 368 1820 mam,
401 1753 666 1820 potiorem
694 1763 835 1808 certe
865 1773 1028 1822 quam
1062 1764 1284 1809 naturae
1315 1756 1470 1809 donis
1498 1764 1548 1809 et
1575 1757 1764 1809 huma-

204 1852 286 1905 nis
314 1852 584 1907 subsidiis,
627 1853 888 1907 Gravibus
923 1855 976 1907 in
1012 1854 1202 1908 ultima
1236 1864 1385 1922 parte
1419 1855 1764 1908 Constitutio-

204 1969 334 2004 num
376 1953 551 2005 verbis
589 1953 642 2007 id
681 1954 965 2021 explieanS,
998 1969 1023 2001 ((
1053 1956 1117 2008 ad
1154 1955 1635 2021 conservationem,
1666 1955 1758 2021 ait,

209 2069 233 2102 ))
274 2068 380 2104 non
409 2052 581 2105 solum
608 2053 934 2119 eorporis...
967 2055 1057 2107 sed
1098 2054 1259 2107 etiam
1288 2054 1506 2120 spiritus
1533 2053 1763 2107 Societa-

206 2168 231 2201 ))
271 2149 338 2202 tis
366 2158 526 2217 atque
559 2152 622 2204 ad
665 2152 1053 2205 assecutionem
1082 2153 1222 2219 finis,
1254 2170 1414 2219 quem
1443 2153 1543 2205 sibi
1571 2156 1762 2220 praeti-

203 2267 230 2300 ))
269 2248 366 2315 git,
396 2248 577 2302 auxilii
603 2250 906 2303 animarum
934 2252 999 2304 ad
1027 2252 1279 2304 ultimum
1307 2260 1358 2305 et
1385 2260 1762 2318 supernatura-

205 2366 231 2399 ))
272 2348 376 2400 lem
404 2366 561 2401 suum
588 2349 751 2402 finem
778 2352 1237 2417 consequendum,
1273 2350 1450 2404 media
1484 2351 1591 2417 illa,
1623 2369 1760 2418 quae

202 2464 229 2498 ))
269 2446 685 2501 instrumentum
713 2466 835 2501 eum
863 2449 968 2502 Deo
1001 2450 1335 2515 coniungunt
1360 2468 1418 2503 ae
1446 2450 1755 2517 disponunt,

152 2584 157 2588 x
207 2564 232 2597 ))
273 2554 332 2598 ut
374 2564 403 2599 a
447 2547 629 2600 divina
672 2565 834 2601 manu
879 2556 1020 2602 reete
1063 2549 1409 2616 gubernetur,
1463 2550 1760 2603 efficaciora
1854 2623 1859 2631 1
2060 2622 2073 2628 -

203 2662 228 2696 ))
269 2653 409 2712 sunt,
440 2664 602 2713 quam
630 2665 767 2714 quae
794 2648 924 2701 illud
952 2648 1244 2716 disponunt
1270 2666 1396 2714 erga
1422 2649 1685 2702 homines,
1738 2668 1757 2701 ›>
1835 2622 2077 2694 confi-⁸29*

269 2744 557 2810 Negotium
604 2747 747 2812 quod
787 2746 1015 2814 agimus,
1054 2747 1276 2800 minime
1322 2748 1619 2800 humanum
1659 2756 1753 2800 est.

200 2841 350 2896 Salus
377 2844 556 2909 agitur
582 2845 884 2911 hominum,
915 2847 1055 2898 salus
1094 2846 1437 2913 sempiterna,
1467 2846 1532 2899 iis
1570 2863 1759 2913 procu-

203 2943 370 2996 randa
409 2942 680 3010 subsidiiS,
718 2960 854 3010 quae
888 2944 1146 2998 divinitus
1180 2945 1424 2999 instituta
1457 2953 1596 2998 sunt.
1634 2945 1759 2998 Ver-

199 3040 329 3094 bum
369 3042 545 3108 ipsum
585 3043 729 3108 quod
774 3043 1102 3110 nuntiamus,
1150 3043 1393 3097 divinum
1439 3051 1534 3110 est,
1576 3043 1756 3097 divina

203 3149 553 3208 sacramenta,
603 3155 628 3188 «
670 3157 766 3208 pro
810 3140 1105 3196 Christo...
1148 3143 1414 3209 legatione
1459 3142 1752 3208 fungimur,
