2315 3559
245 214 312 252 DE
350 214 620 254 PERICULIS
657 213 946 253 TEMPORUM
986 214 1302 253 NOSTRORUM
1343 215 1593 254 CAVENDIS
1630 200 1722 256 281

176 359 434 427 paulatim
489 359 765 413 hominem
821 359 1090 425 efficiunt;
1138 360 1229 413 sed
1274 359 1546 414 curiosum
1597 361 1731 415 exci-

174 465 288 510 tent
364 457 506 511 illius
584 457 880 524 ingenium,
951 466 1002 512 et
1074 458 1360 512 informem
1434 458 1728 526 leviterque

175 556 467 621 eruditum,
531 555 978 609 audentissimum
1035 557 1262 611 reddant
1322 558 1387 611 ad
1467 557 1728 610 iudicium

173 655 239 709 de
282 655 365 709 his
416 673 552 723 quae
601 672 705 709 non
757 655 1020 722 intellegit
1070 657 1368 711 serendum.

239 753 323 807 11.
371 753 533 821 Atqui
593 754 906 808 huiusmodi
974 763 1052 809 est
1107 755 1377 821 formatio,
1436 757 1501 809 ad
1563 773 1726 824 quam

171 853 421 907 inimicus
465 861 663 919 noster,
706 855 922 909 nomine
963 855 1183 910 maioris
1215 856 1361 923 boni,
1393 873 1488 909 nos
1516 855 1727 910 allicere

171 960 221 1006 et
265 952 539 1021 impellere
589 961 812 1007 conatur
829 973 840 1019 3
900 954 1030 1008 illud
1080 955 1206 1009 totis
1257 955 1463 1008 viribus
1512 963 1727 1010 conten-

171 1052 318 1118 dens,
366 1060 424 1105 ut
478 1051 752 1106 iuniorum
808 1060 1115 1107 nostrorum
1178 1053 1571 1108 institutionem
1622 1055 1725 1109 illis

169 1150 373 1205 normis
401 1151 718 1220 legibusque
756 1153 1244 1220 accommodemUS,
1283 1171 1420 1221 quae
1454 1154 1723 1222 publicam

168 1251 590 1304 adulescentium
636 1251 1029 1307 institutionem
1087 1253 1465 1319 moderantur,
1515 1253 1726 1308 institu-

166 1349 388 1417 tionem,
466 1350 708 1419 inquam,
773 1369 909 1420 quae
979 1360 1240 1420 quantum
1315 1352 1722 1421 disciplinarum

169 1449 423 1504 varietate
474 1450 650 1517 iactat,
704 1458 912 1505 tantum
957 1469 1169 1506 summo
1225 1470 1347 1506 cum
1398 1452 1722 1508 detrimento

167 1548 231 1602 de
258 1565 444 1602 earum
471 1548 739 1603 soliditate
768 1549 963 1615 demit;
994 1568 1131 1618 quae
1152 1552 1306 1618 plura
1326 1551 1718 1619 complectitur,

166 1647 257 1701 sed
303 1664 495 1714 parum
557 1648 884 1716 assequitur;
939 1666 1076 1717 quae
1133 1649 1424 1704 vanitatem
1469 1651 1613 1705 fovet
1656 1651 1721 1705 de

165 1745 413 1800 omnibus
487 1747 762 1815 loquendi,
837 1749 929 1803 sed
991 1749 1297 1802 facultatem
1363 1750 1591 1816 denegat
1656 1750 1722 1804 de

163 1846 270 1899 ulla
325 1863 382 1900 re
443 1854 584 1901 recte
645 1855 696 1901 et
762 1846 1005 1902 intimius
1066 1847 1423 1903 ratiocinandi
1490 1857 1721 1918 apteque

164 1943 505 2011 disserendi;
570 1962 707 2013 quae
775 1946 1008 2014 denique
1079 1948 1357 2014 graeculos
1418 1947 1720 2016 sciolosque

163 2043 321 2112 parit,
385 2062 492 2099 non
559 2062 685 2100 vero
753 2046 936 2100 doctos
1010 2047 1256 2101 homines
1318 2055 1370 2102 et
1429 2047 1714 2116 sapientes.

163 2143 349 2197 Nonne
375 2160 503 2210 ergo
530 2145 755 2198 stultum
782 2144 1141 2213 insanumque
1179 2153 1319 2200 esset
1344 2163 1459 2200 sese
1491 2146 1545 2200 in
1590 2146 1717 2201 istas

162 2241 383 2297 insidias
427 2242 753 2298 immittere?

229 2341 312 2396 12.
359 2343 477 2397 Non
510 2360 595 2397 me
623 2345 806 2409 latent,
839 2344 946 2398 ΒΗ.
986 2344 1166 2398 Patres
1202 2345 1521 2413 Fratresque
1557 2346 1719 2400 caris-

162 2441 304 2509 simi,
358 2459 495 2509 quae
541 2442 857 2497 vaferrimus
901 2443 990 2499 ille
1034 2444 1380 2500 callidissime
1423 2446 1628 2513 suadet,
1660 2455 1718 2500 ut

162 2540 217 2594 in
271 2540 558 2595 infaustam
613 2543 749 2595 hanc
799 2542 941 2596 viam
997 2560 1092 2597 nos
1154 2545 1371 2598 tandem
1432 2544 1712 2599 coniciat:

161 2640 512 2695 inficiandum
574 2641 795 2709 quidem
856 2659 962 2696 non
1017 2661 1149 2711 esse,
1202 2643 1506 2699 studiorum
1556 2644 1717 2699 ratio-

160 2756 303 2806 nem,
368 2757 506 2807 quae
555 2758 694 2794 nunc
745 2740 799 2794 in
847 2742 1137 2810 gymnasiis
1188 2751 1239 2797 et
1299 2743 1488 2811 lycaeis
1552 2743 1711 2810 viget,

160 2839 226 2893 ad
254 2838 447 2893 nimias
492 2839 800 2908 disciplinas
839 2859 951 2896 sese
978 2841 1273 2910 porrigere,
1309 2859 1446 2910 quae
1473 2860 1579 2897 non
1610 2842 1713 2896 nisi

160 2938 348 2993 leviter
425 2947 476 2993 et
548 2940 832 3008 superficie
906 2949 1058 2996 tenus
1139 2943 1204 2996 ab
1283 2943 1711 2997 adulescentibus

159 3036 350 3104 attingi
388 3037 593 3105 possint
607 3057 618 3103 ;
661 3046 895 3093 attamen
938 3057 998 3094 ex
1040 3041 1206 3095 altera
1248 3049 1398 3109 parte
1435 3059 1531 3109 pro
1569 3058 1713 3096 com-

159 3144 310 3205 perto
355 3154 487 3204 esse,
541 3138 595 3191 in
634 3137 857 3205 singulis
897 3139 1211 3209 discipliniS,
1271 3140 1466 3209 quibus
1528 3149 1710 3209 postea

1877 761 1984 805 Huic

1810 816 2058 862 levissimae

1807 871 2056 916 formationi

1828 933 2023 970 nostram

1862 981 1990 1024 etiam

1812 1047 2054 1080 accommo-

1841 1090 2026 1134 dandam

1812 1146 2050 1197 contendit,

1825 2364 2020 2409 obiciens

1775 2420 2071 2464 recentiorum

1802 2474 2047 2528 disciplina-

1877 2544 1974 2573 rum

1778 2584 2084 2628 necessitatem

1807 2638 1858 2682 ad
1881 2639 2038 2693 impios

1761 2693 1927 2737 eisdem
1950 2694 2083 2738 armis

1741 2749 2080 2802 oppugnandos.
