2315 3559
346 257 414 294 DE
441 257 518 292 1313.
552 255 677 292 ΕΒΗ.
709 254 960 292 ΟΑΜΡΙΑΝΙ
988 254 1050 290 ET
1078 254 1339 292 SOCIORUM
1369 256 1631 295 MARTYRIO
1703 243 1768 297 67

209 401 481 453 voluntate
542 398 770 451 candide
827 397 1172 465 percipienda
1223 415 1281 450 ac
1335 400 1565 465 periente
1627 418 1771 454 exse-

209 497 422 565 quenda
472 495 770 564 perniciose
821 496 1067 549 deducat.

276 595 359 649 40.
416 594 649 648 instituti
700 594 997 662 explicandi
1049 594 1315 647 rationem
1365 596 1520 648 docet
1575 595 1772 662 Grego-

209 693 320 747 rius
360 694 496 759 xffl,
537 692 789 746 Summus
831 692 1088 759 Pontifex,
1127 693 1227 745 hoc
1265 694 1561 746 concedens
1600 694 1773 747 omni-

207 792 304 844 bus
349 809 358 844 :
437 805 461 838 (<
515 798 777 858 quantum
852 791 1014 844 verba
1087 798 1279 844 sonant
1335 791 1698 859 interpretari,
1743 811 1769 844 ))

209 890 477 956 simulque
527 890 821 942 admonens
877 907 886 941 :
944 904 968 936 ((
1011 888 1063 942 Si
1132 889 1262 956 quid
1332 907 1458 943 vero
1505 890 1654 943 dubii
1707 891 1772 943 de

211 1007 235 1040 ))
276 987 468 1040 iisdem
524 987 817 1053 (instituto,
876 987 1375 1054 constitutionibus)
1425 988 1555 1041 oriri
1605 989 1774 1042 conti-

210 1105 235 1138 »
275 1085 432 1152 gerit,
486 1085 551 1138 ad
621 1084 812 1138 Sedem
868 1085 1278 1152 (Apostolicam)
1338 1088 1415 1140 vel
1480 1088 1542 1140 ad
1608 1087 1774 1141 Gene-

211 1204 236 1237 ))
277 1186 443 1238 ralem
511 1184 944 1252 Praepositum...
1017 1184 1315 1252 Societatis,
1381 1195 1472 1239 aut
1533 1187 1598 1240 ad
1660 1204 1768 1253 eos,

211 1303 236 1337 ))
278 1284 474 1351 quibus
537 1283 588 1337 id
654 1284 767 1351 ipse
822 1284 1174 1351 commiserit,
1235 1286 1516 1340 referatur.
1573 1306 1598 1338 ))
1663 1287 1772 1339 Hac

209 1401 417 1449 norma,
443 1402 471 1437 a
494 1384 736 1437 Romano
766 1384 1023 1438 Pontifice
1052 1386 1192 1452 data,
1218 1386 1283 1439 de
1312 1386 1560 1440 Instituto
1589 1395 1772 1440 nostro

209 1482 558 1536 iudicandum
604 1491 700 1549 est,
740 1483 984 1551 nihilque
1028 1485 1093 1538 de
1139 1484 1582 1552 interpretatione
1626 1486 1772 1538 labo-

212 1584 442 1635 randum
494 1601 631 1649 quae
682 1584 797 1648 iege
846 1585 990 1636 uuila
1041 1584 1261 1637 nitatur.

277 1680 507 1733 Huiusce
545 1681 755 1746 generis
795 1698 854 1734 ea
893 1690 988 1747 est,
1021 1699 1157 1748 quae
1196 1682 1262 1735 ab
1289 1683 1530 1749 exemplo
1570 1682 1770 1749 petitur

213 1780 452 1832 virorum
503 1780 557 1832 in
614 1780 874 1834 Societate
931 1781 1298 1848 antiquorum.
1354 1781 1496 1844 Quae
1557 1782 1767 1836 etiamsi

207 1879 270 1931 ad
319 1880 710 1945 expianandum
760 1881 976 1945 valeret,
1025 1888 1204 1933 tamen
1261 1880 1396 1933 nihil
1446 1881 1770 1935 conticerent

207 1979 301 2045 qui
340 1987 525 2032 contra
566 1979 875 2032 institutum
915 1997 975 2032 ea
1013 1988 1309 2033 uterentur.
1350 1980 1559 2033 Etenim
1588 1980 1631 2033 si
1659 1981 1769 2034 vim

207 2077 261 2129 in
297 2077 392 2129 hac
431 2095 485 2130 re
520 2078 743 2131 haberet
775 2078 1087 2144 antiquitas,
1119 2079 1490 2132 refellerentur
1528 2082 1768 2147 exemplo

207 2176 732 2243 antiquissimorum.
758 2177 926 2231 Nemo
954 2178 1097 2230 enim
1126 2177 1180 2230 in
1208 2177 1468 2231 Societate
1495 2179 1770 2246 antiquior

206 2273 256 2327 S.
304 2274 507 2339 ignatio
548 2275 846 2342 primisque
885 2275 998 2328 eius
1037 2275 1222 2329 Sociis.
1265 2275 1377 2328 Viri
1416 2284 1595 2329 autem
1634 2277 1769 2329 anti-

208 2374 302 2440 qui
331 2375 505 2428 valent
534 2375 868 2439 auctoritate,
900 2393 1006 2428 non
1039 2376 1183 2442 quod
1223 2375 1432 2442 antiqui
1471 2377 1763 2443 dumtaxat,

207 2474 297 2527 sed
339 2474 498 2527 simul
543 2475 826 2540 diiigentes
866 2483 989 2528 sunt
1028 2475 1262 2528 instituti
1302 2475 1470 2528 nostri
1514 2477 1762 2529 cultores.

275 2572 467 2626 Contra
513 2574 685 2639 legem
736 2573 958 2640 quidam
1005 2574 1449 2627 consuetudinem
1495 2574 1762 2640 invocant,

207 2680 258 2724 et
307 2680 448 2724 recte
510 2672 750 2738 quidem,
816 2673 860 2725 si
922 2673 990 2726 sit
1050 2674 1344 2741 approbata
1399 2675 1760 2735 consuetudo;

207 2787 488 2836 perperam
530 2787 654 2823 vero
694 2770 736 2823 si
776 2771 977 2824 sancita
1015 2789 1121 2824 non
1160 2772 1338 2826 fuerit.
1381 2771 1600 2840 Semper
1638 2790 1763 2825 vero

206 2869 502 2921 cavendum
543 2876 638 2934 est,
679 2886 744 2922 ne
781 2870 1155 2923 consuetudini
1191 2870 1419 2923 nimium
1460 2872 1761 2924 deferamus

206 2975 257 3020 et
295 2967 466 3033 magis
500 2967 565 3020 de
603 2984 752 3021 more
791 2976 842 3021 et
878 2986 977 3021 usu
1014 2987 1177 3036 quam
1223 2969 1288 3023 de
1338 2971 1454 3035 lege
1492 2970 1761 3023 considere

208 3066 506 3120 videamur.

277 3164 501 3218 Maxima
532 3164 790 3218 nimirum
830 3165 1063 3219 Instituti
1099 3166 1265 3234 ipsius
1299 3167 1439 3234 apud
1476 3183 1571 3218 nos
1605 3164 1760 3217 aesti-

1828 717 1860 740 c.
1876 710 2127 743 Ascondente

1881 751 2066 783 Domino.

1834 1690 1886 1733 ab
1910 1692 2126 1745 exemplo,

1812 2580 1880 2623 vel
1901 2586 2140 2624 consuetu-

1838 2635 1939 2678 dine
1954 2635 2106 2688 petita.
