2315 3559
242 219 309 257 DE
348 216 617 256 PERICULIS
654 214 941 253 TEMPORUM
981 213 1296 252 NosTRORUM
1336 212 1587 251 CAVENms
1623 197 1722 252 327

176 384 202 417 ))
242 362 619 432 speciositatis;
651 378 788 429 quae
809 359 1092 414 hominum
1121 358 1338 426 scilicet,
1364 358 1721 412 litteratorum

178 481 204 514 ))
243 460 579 530 praesertim,
645 460 859 527 plausus
921 457 1147 511 excitent
1205 474 1263 510 ac
1325 457 1528 510 mundo
1594 457 1725 509 cele-

179 579 204 613 »
243 561 363 614 bres
409 559 633 613 reddere
671 566 881 611 nostros
932 556 1177 610 homines
1217 563 1433 624 queant.
1465 554 1725 609 Videntur

177 679 203 713 ))
243 659 319 713 illi
359 658 559 712 scilicet
596 657 754 710 matri
793 674 917 710 suae
957 656 1086 709 illud
1132 655 1356 709 suadere
1395 656 1546 721 velle,
1578 654 1723 722 quod

178 778 203 812 ))
243 758 372 813 olim
434 755 693 811 Salvatori
746 755 867 809 vani
929 755 1151 822 quidam
1209 754 1456 808 homines
1518 753 1726 820 ingere-

177 877 202 910 ))
242 858 370 911 bant
418 874 427 909 :
487 870 512 903 ((
552 855 779 910 Ostende
829 862 898 920 te,
952 855 1172 908 ostende
1221 862 1272 907 te
1322 853 1542 907 mundo.
1587 871 1612 904 )>
1660 850 1724 904 Hi

177 975 202 1009 ³>
243 956 499 1024 profectO,
549 971 752 1020 vereor,
811 971 877 1007 ne
944 952 1118 1021 specie
1181 951 1372 1006 fallaci
1421 950 1561 1019 capti
1617 968 1723 1004 non

177 1074 202 1108 ))
242 1063 351 1109 tam
400 1072 506 1109 esse
556 1053 720 1108 velint
769 1070 864 1107 nos
909 1052 1133 1120 aliquid,
1181 1070 1345 1121 qumn
1392 1051 1569 1105 videri
1608 1069 1626 1104 .·
1674 1058 1726 1105 et

177 1174 202 1207 ))
241 1154 491 1208 umbram
553 1152 785 1218 veritati,
857 1153 1055 1206 famam
1122 1152 1280 1206 rebus
1347 1151 1483 1205 bene
1538 1150 1720 1218 gestis,

175 1273 201 1307 )>
241 1253 474 1321 denique
517 1253 877 1321 splendorem,
924 1251 1102 1306 nescio
1146 1268 1327 1319 quem,
1378 1268 1532 1305 verae
1584 1249 1725 1304 utili-

175 1371 200 1405 )>
240 1352 336 1406 tati
386 1352 574 1419 reique
624 1351 867 1419 publicae
928 1357 1271 1419 anteponant.
1319 1349 1561 1403 Vivimus
1607 1349 1724 1418 qui-

175 1472 200 1505 ))
241 1453 364 1506 dem
426 1459 688 1518 tempora,
753 1449 967 1518 quibus,
1033 1466 1170 1517 quae
1236 1449 1413 1502 colore
1486 1449 1723 1515 quodam

175 1571 200 1604 ))
241 1551 539 1620 splendent,
588 1568 617 1604 a
667 1549 849 1603 multis
905 1549 1060 1603 unice
1116 1549 1458 1614 extolluntur,
1506 1565 1565 1601 ac
1617 1548 1725 1602 fere

176 1670 200 1703 »
242 1649 462 1704 maioris
512 1649 647 1703 fiunt
696 1666 859 1717 quam
910 1666 1035 1702 vera
1073 1647 1127 1701 in
1171 1647 1458 1702 hominum
1498 1647 1723 1701 salutem

175 1769 200 1803 ))
241 1749 516 1817 obsequia.
572 1748 691 1815 Sed,
740 1747 783 1802 si
834 1765 940 1816 qua
995 1747 1050 1801 in
1106 1765 1164 1801 re
1215 1764 1429 1801 necesse
1489 1764 1584 1801 nos
1647 1754 1726 1800 est

175 1870 201 1903 ))
242 1850 403 1904 etiam
470 1848 700 1917 tempori
762 1847 980 1911 servire,
1046 1864 1112 1902 ne
1178 1854 1359 1901 nostra
1426 1845 1726 1901 ministeria

175 1968 200 2002 )>
241 1948 607 2013 fastidiantur3
648 1946 787 2001 absit
823 1954 1021 2014 tamen,
1063 1954 1122 2000 ut
1159 1946 1418 2014 quicquid
1455 1953 1533 2000 est
1561 1964 1726 2001 vanae

175 2067 200 2100 »
240 2046 632 2113 ostentationis,
679 2045 791 2099 sive
858 2045 912 2099 in
973 2044 1274 2099 litterarum
1334 2046 1560 2112 cultura,
1614 2045 1725 2099 sive

175 2165 201 2199 )>
241 2146 295 2200 in
344 2145 436 2200 Dei
484 2145 644 2199 verbo
685 2144 1064 2213 praedicando,
1105 2143 1215 2198 sive
1253 2143 1303 2197 in
1351 2143 1468 2197 aliis
1513 2151 1726 2198 nostrae

176 2264 201 2298 »
243 2244 536 2299 vocationis
581 2244 913 2310 muneribus,
961 2244 1294 2298 adamemus.
1341 2242 1582 2297 Nimium
1621 2242 1727 2297 dis-

176 2352 423 2413 »crepat
483 2344 583 2398 ista
654 2343 854 2397 vanitas
904 2362 933 2397 a
989 2342 1182 2411 spiritu
1237 2342 1534 2410 Societatis,
1588 2360 1727 2410 quae

176 2451 353 2498 »tota
402 2442 456 2496 in
518 2442 887 2511 proximorum
943 2441 1172 2496 utilitate
1227 2442 1293 2496 ad
1348 2441 1441 2496 Dei
1496 2441 1725 2509 gloriam

176 2561 201 2595 ))
242 2543 579 2610 procuranda
617 2550 887 2608 versatur,
929 2559 1035 2595 non
1070 2541 1124 2595 in
1151 2542 1459 2609 quaerenda
1490 2542 1726 2595 humana

177 2660 203 2694 )>
242 2641 432 2709 gloria,
491 2659 647 2709 quae,
713 2640 803 2694 ubi
864 2641 998 2695 bene
1047 2641 1198 2694 factis
1261 2648 1412 2709 parta
1472 2657 1580 2694 non
1637 2639 1722 2705 sit,

177 2760 203 2794 ))
245 2741 399 2794 fallax
442 2757 499 2794 ac
550 2741 724 2794 fucata
762 2747 857 2806 est,
899 2757 957 2794 ac
1001 2740 1219 2795 tandem
1265 2740 1319 2793 in
1369 2739 1725 2807 ignominiam

178 2859 204 2893 ))
243 2839 487 2894 vertitur.
544 2839 723 2893 Patres
772 2847 913 2894 certe
957 2840 1144 2907 nostri,
1192 2839 1235 2893 si
1280 2839 1509 2906 gloriam
1553 2838 1728 2892 homi-

178 2959 203 2992 ))
243 2956 373 2993 num
429 2938 591 2992 etiam
653 2938 879 2992 assecuti
935 2946 1075 3006 sunt,
1123 2938 1410 3007 praeclaris
1455 2955 1572 2993 eam
1618 2954 1727 2991 me-

178 3056 204 3090 )>
245 3037 380 3104 ritis,
410 3054 517 3091 non
556 3038 655 3091 hoc
693 3045 929 3104 agenteS,
971 3037 1242 3092 consecuti
1281 3045 1421 3090 sunt.
1453 3037 1593 3090 Haec
1630 3053 1725 3089 nos

180 3155 207 3189 )>
247 3136 525 3203 aemulari,
578 3136 707 3190 haec
761 3152 1020 3203 quaerere
1071 3138 1237 3190 decet.
1292 3135 1554 3202 Quicquid
1603 3151 1728 3189 vero
