2315 3559
927 245 1025 284 OBO
1652 230 1752 286 459

198 392 361 436 sarium
392 398 459 436 est
492 390 785 441 oboedientia,
818 388 873 433 ob
908 389 1155 444 peculiares
1190 389 1385 433 rationes
1420 390 1470 442 (Ι,
1495 390 1562 441 28,
1586 388 1653 438 29,
1687 389 1752 440 45,

198 477 262 528 46,
284 477 398 530 426),
419 476 681 531 praesertim
700 475 767 518 his
789 474 1063 529 temporibus
1094 474 1251 519 vitioso
1284 474 1442 529 spiritu
1471 473 1687 518 libertatis
1709 481 1752 518 et

198 562 568 616 independentiae
614 560 787 605 infectis
827 560 897 614 (ΙΙ,
939 559 1133 605 430-434.
1177 560 1250 614 ΙΙΙ,
1292 559 1358 613 73,
1402 558 1496 613 136,
1539 559 1634 603 137.
1681 559 1752 612 IV,

198 646 412 701 312-318),
425 647 533 692 adeo
548 653 595 691 ut
611 645 811 701 quisquis
824 646 1087 690 oboediendi
1101 646 1198 700 lege
1214 652 1331 690 stare
1345 644 1531 689 nolitvel
1545 650 1754 698 nequeat,

201 746 287 777 non
310 733 464 777 deceat
483 746 583 776 eum
604 731 648 775 in
670 731 885 775 Societate
909 737 1060 775 nostra
1080 744 1262 775 manere
1282 730 1333 783 (Ι,
1358 729 1444 783 30).

256 819 454 863 Perfecta
484 817 763 862 oboedientia
797 817 901 861 colit
933 817 1194 871 Superiores
1230 815 1522 865 immediatos,
1546 827 1687 868 aeque
1709 827 1758 858 ac

199 903 429 956 mediatos,
452 908 500 947 ut
520 901 675 946 Christi
697 901 886 945 vicarios
903 902 952 954 (1,
967 900 1035 955 30,
1054 900 1120 952 33,
1136 901 1207 945 34.
1225 901 1297 954 ΙΙΙ,
1318 901 1382 951 75,
1406 900 1490 954 76).
1516 899 1605 944 Hac
1624 899 1760 943 simus

201 988 428 1042 conspicui
458 987 508 1040 (Ι,
540 985 739 1039 366-368)
770 993 813 1030 et
843 987 968 1041 quasi
999 993 1102 1030 nota
1132 986 1456 1040 distinguamur
1484 986 1535 1038 (Ι,
1560 983 1631 1037 33)
1661 989 1760 1028 :est

202 1074 318 1118 enim
354 1073 528 1127 signum
562 1078 763 1116 nostrum
798 1072 1029 1126 proprium
1063 1071 1134 1124 (II,
1158 1070 1273 1125 286),
1297 1084 1375 1115 seu
1410 1070 1550 1115 virtus
1585 1069 1762 1114 charac-

202 1158 396 1203 teristica
415 1158 487 1211 (ΙΙ,
511 1157 624 1211 430),
649 1157 701 1201 ad
734 1171 864 1211 quam
895 1157 1089 1201 Societas
1121 1157 1267 1200 omnia
1296 1157 1435 1200 refert
1463 1162 1686 1209 tamquam
1708 1155 1761 1199 ad

202 1259 386 1299 scopum
407 1251 450 1288 et
471 1244 673 1288 vexillum
689 1244 738 1297 (I,
751 1243 818 1297 65,
837 1243 923 1296 66),
943 1249 986 1287 et
1000 1243 1045 1286 in
1063 1256 1150 1297 qua
1166 1242 1308 1287 omnis
1326 1242 1567 1286 sanctitatis
1584 1247 1764 1286 nostrae

202 1330 417 1384 perfectio
449 1329 757 1374 constituenda
784 1328 875 1381 (HI,
901 1328 970 1382 75)
995 1343 1003 1372 :
1029 1327 1154 1382 quasi
1174 1326 1220 1370 in
1242 1340 1294 1371 ea
1323 1326 1551 1371 Societatis
1582 1332 1764 1370 nostrae

203 1414 369 1458 bonum
389 1428 439 1458 ac
461 1414 577 1458 salus
598 1414 808 1458 universa
829 1413 1043 1457 consistat
1058 1412 1109 1466 (l,
1128 1412 1213 1465 46).

251 1501 476 1546 Perfectae
491 1500 796 1545 oboedientiae
809 1500 978 1554 primus
996 1499 1158 1553 gradus
1173 1504 1240 1543 est
1249 1498 1501 1543 eoesecutio:
1518 1511 1630 1552 quae
1643 1511 1766 1541 man-

205 1586 303 1629 data
324 1586 573 1640 Superioris
595 1584 928 1639 qualiscumque
949 1583 1021 1628 ille
1043 1584 1098 1627 sit
1118 1583 1340 1638 adimplet,
1364 1589 1575 1627 monente
1596 1582 1765 1627 Christo

206 1678 248 1716 et
282 1671 492 1726 Apostolo
526 1671 577 1723 (Ι,
612 1670 696 1723 34).
732 1669 878 1722 Qualis
907 1670 1015 1714 haec
1051 1669 1210 1713 debeat
1239 1682 1338 1713 esse
1373 1668 1417 1712 in
1453 1666 1766 1722 Superioribus

207 1758 258 1811 (Ι,
281 1757 378 1811 405)
410 1771 466 1801 en
487 1757 530 1800 in
554 1755 738 1801 subditis
767 1755 819 1809 (Ι,
842 1756 955 1809 416),
980 1761 1023 1799 et
1053 1768 1166 1809 quae
1198 1754 1285 1799 sint
1316 1754 1409 1798 eius
1441 1754 1707 1809 adiumenta,
1733 1753 1766 1798 si

207 1842 321 1886 forte
342 1841 528 1886 difficilis
549 1841 619 1895 (ΙΙ,
643 1842 711 1895 41,
735 1840 806 1895 42)
831 1855 840 1884 :
864 1840 954 1885 vid.
980 1841 1238 1885 Exsecutio.

263 1927 490 1972 Secundus
525 1927 688 1981 gradus
724 1932 791 1971 est
823 1926 1045 1981 propriae
1085 1926 1339 1971 voluntatis
1378 1925 1616 1979 subiectio,
1655 1937 1768 1979 quae

207 2013 476 2057 voluntatem
493 2012 741 2066 Superioris
759 2025 881 2056 suam
899 2010 1044 2055 efficit.
1065 2011 1194 2055 Cuius
1217 2010 1504 2055 subiectionis
1521 2009 1770 2054 ostenditur

208 2098 478 2153 praestantia
497 2098 547 2151 (Ι,
571 2097 656 2151 35),
683 2096 924 2141 necessitas
946 2097 1076 2140 etiam
1098 2096 1143 2139 in
1166 2095 1467 2150 spiritualibus
1488 2095 1539 2148 (Ι,
1559 2094 1626 2138 36.
1652 2094 1712 2139 Cf.
1734 2094 1766 2147 Ι,

210 2185 275 2228 14.
300 2184 371 2237 ΙΙΙ,
397 2183 480 2237 78),
499 2183 647 2237 praxis
668 2197 774 2227 vera
795 2189 839 2227 et
860 2182 1035 2226 sincera
1055 2182 1106 2235 (Ι,
1130 2181 1198 2235 36,
1222 2181 1309 2235 37),

264 2269 437 2313 Tertius
467 2269 630 2323 gradus
651 2269 904 2323 proprium
936 2268 1066 2312 etiam
1098 2267 1323 2312 iudicium
1353 2266 1560 2318 abdicat,
1583 2273 1632 2310 ut
1650 2266 1766 2310 idem

212 2354 371 2399 sentiat
401 2353 519 2408 quod
539 2353 764 2408 Superior,
785 2360 1002 2407 quatenus
1034 2353 1128 2397 fieri
1159 2354 1314 2407 possit.
1349 2352 1486 2396 Huius
1523 2352 1771 2397 ostenditur

210 2439 357 2494 praxis
386 2440 438 2492 (Ι,
470 2438 535 2489 38,
565 2439 632 2482 45.
667 2438 717 2489 ΙΙ,
747 2438 860 2492 287),
894 2439 1080 2482 maxima
1110 2438 1421 2482 convenientia
1451 2444 1494 2482 et
1525 2437 1768 2482 necessitas

208 2525 258 2577 (Ι,
277 2524 416 2568 38-40.
438 2524 508 2576 ΙΙΙ,
530 2524 748 2578 144,145),
771 2523 965 2578 denique
982 2523 1255 2578 praestantia
1270 2523 1321 2577 (I,
1337 2523 1616 2577 41,444-446.
1637 2523 1770 2577 ΙΙΙ,78

213 2611 280 2656 80.
305 2611 365 2655 Cf.
388 2610 673 2666 Abnegatio).
708 2610 844 2662 Quem
877 2610 1060 2663 gradum
1091 2609 1216 2653 valde
1248 2609 1479 2654 sublimem
1508 2609 1600 2662 (ΙΙΙ,
1625 2609 1695 2662 79)
1724 2615 1772 2653 ut

215 2696 520 2749 ascendamus,
552 2695 697 2739 media
731 2695 860 2739 nobis
901 2701 1003 2739 sunt
1042 2695 1128 2739 duo
1169 2694 1395 2749 generalia
1428 2709 1436 2738 :
1468 2693 1688 2738 humilitas
1729 2699 1773 2738 et

215 2780 507 2824 mansuetudo
538 2780 588 2833 (Ι,
612 2779 679 2833 42,
705 2779 775 2832 ΙΙΙ,
799 2779 981 2833 81,178,
1014 2779 1110 2833 179)
1141 2785 1185 2823 et
1211 2778 1496 2833 particularia
1524 2778 1609 2822 tria
1633 2792 1642 2821 ε
1664 2777 1772 2822 fidu-

216 2865 336 2910 cialis
366 2865 538 2909 intuitio
569 2864 725 2909 Christi
747 2864 791 2908 in
812 2878 1006 2919 persona
1036 2863 1287 2918 Superioris
1309 2863 1359 2916 (Ι,
1383 2863 1450 2907 43.
1475 2863 1547 2916 ΙΙΙ,
1574 2863 1658 2917 77),
1684 2868 1771 2907 stu-

217 2950 388 2994 diosum
405 2949 676 3003 exercitium,
689 2955 732 2993 et
752 2949 1058 2993 oboedientiae
1076 2962 1232 2993 caecae
1250 2948 1410 3003 praxis,
1424 2962 1514 2993 non
1532 2960 1771 3002 numquam

217 3035 440 3079 miraculis
462 3034 749 3089 comprobata
770 3035 821 3089 (Ι,
840 3035 906 3085 44,
927 3035 1013 3088 45).

273 3120 333 3165 Ex
355 3134 488 3165 aurea
509 3120 695 3174 epistola
716 3120 756 3164 S.
778 3120 822 3164 P.
844 3119 891 3164 N.
917 3120 968 3173 (l,
990 3119 1102 3173 365),
1125 3133 1212 3174 qua
1232 3120 1293 3163 nil
1312 3119 1500 3174 plenius,
1521 3119 1582 3163 nil
1601 3118 1774 3173 perfec-

217 3207 303 3251 tius
337 3206 390 3251 de
425 3205 704 3250 oboedientia
733 3205 818 3250 dici
851 3212 999 3260 potest
1027 3205 1118 3260 (ΙΙΙ,
1151 3204 1236 3260 72),
1269 3205 1468 3260 perfecte
1502 3203 1774 3259 intellegitur
