2315 3559
526 240 592 294 70
765 258 1016 297 ErisrotA
1052 260 1271 298 ANTONII
1311 262 1508 300 MARIAE
1545 261 1852 299 ANDERLEDY

522 402 806 469 religiosae
875 404 1217 473 impatientes
1290 407 1625 475 disciplinae,
1691 407 1850 471 genio
1918 406 2094 460 indul-

521 503 682 569 gendi
736 504 1039 558 libertatern
1109 506 1379 560 affectant.
1450 507 1548 570 Qui
1620 507 1764 560 enim
1828 505 2092 559 libertatis

522 611 645 656 sunt
695 604 876 671 cupidi
928 614 980 658 et
1035 614 1296 673 amantes,
1340 606 1527 672 iugum
1586 614 1793 659 tentant
1848 613 2093 659 excutere

521 703 914 772 oboedientiae,
962 724 1122 773 aegre
1178 707 1572 774 obtemperant,
1622 707 1875 759 mandata
1925 705 2096 759 disce-

520 811 689 870 ptant.
736 805 799 857 lli
844 813 897 858 et
934 823 1040 859 non
1079 805 1170 859 alii
1216 823 1436 859 suavem
1481 824 1540 859 ac
1580 814 1860 873 paternam
1899 805 2094 871 guber-

521 904 795 958 nationem
835 905 1158 974 impcdiunt,
1207 906 1334 973 quia
1373 905 1581 972 legibus
1621 906 1837 959 subesse
1881 906 2090 972 nolunt,

521 1022 727 1072 suoque
787 1006 1012 1060 arbitrio
1084 1014 1144 1059 ut
1208 1007 1341 1060 fiant
1402 1006 1583 1060 omnia
1646 1014 1914 1073 exoptant.
1982 1006 2093 1059 Hoc

520 1105 709 1159 aetatis
772 1113 987 1159 nostrae
1050 1114 1129 1160 est
1200 1106 1414 1173 vitium,
1491 1115 1743 1174 appetere
1810 1106 2089 1174 opinandi,

521 1204 817 1272 iudicandi,
860 1204 1137 1272 loquendi,
1186 1205 1317 1272 quid
1360 1205 1490 1258 velis
1529 1205 1724 1271 agendi
1763 1205 2090 1272 libertatem,

519 1305 896 1359 auctoritatem
942 1305 1221 1359 inimicam
1261 1305 1362 1359 sibi
1409 1314 1617 1373 putare,
1659 1306 1945 1373 eidemque
1984 1324 2093 1360 non

519 1406 695 1458 solum
723 1404 923 1458 limites
952 1422 1171 1473 ponere,
1204 1405 1294 1458 sed
1324 1422 1442 1458 eam
1472 1406 1645 1458 facere
1673 1405 1774 1458 sibi
1802 1405 2089 1458 obnoxiam

517 1513 680 1573 atque
731 1504 1047 1572 subiectam,
1097 1506 1436 1572 eandemque
1476 1504 1715 1572 adigere,
1763 1522 1870 1558 non
1920 1505 1986 1558 ad
2032 1521 2093 1558 ea

518 1606 719 1660 tuenda
769 1623 908 1673 quae
967 1605 1107 1658 iusta
1153 1613 1277 1658 sunt
1337 1613 1389 1658 et
1438 1605 1680 1670 legitime
1725 1604 1945 1671 sancita,
2000 1604 2091 1658 sed

518 1706 584 1760 ad
636 1705 1086 1760 tumultuantium
1126 1705 1319 1773 placita
1360 1705 1718 1772 exsequenda.

586 1805 896 1860 Cavendum
942 1812 1021 1859 est
1058 1804 1222 1859 etiam
1267 1805 1440 1872 nobis,
1489 1821 1723 1872 quorum
1774 1812 1919 1857 aetas
1963 1803 2095 1857 inci-

517 1906 596 1960 dit
657 1906 712 1960 in
773 1906 1083 1960 turbulenta
1138 1906 1267 1959 haec
1338 1913 1600 1973 tempora,
1671 1922 1737 1957 ne
1798 1904 2092 1958 liberarum

517 2006 839 2075 opinionum
901 2007 1019 2061 labe
1076 2007 1156 2060 vel
1227 2005 1544 2059 tenuissima
1605 2022 1976 2073 aspergamur,
2042 2012 2094 2058 et

518 2108 821 2162 remedium
884 2108 1011 2162 huic
1073 2108 1215 2161 malo
1276 2124 1335 2160 ac
1398 2105 1534 2174 pesti
1585 2105 1958 2173 quaerendum
2014 2113 2093 2159 est

515 2207 895 2276 Superioribus
958 2225 1018 2261 ex
1073 2207 1191 2275 ipso
1253 2206 1505 2259 Instituto
1560 2213 1612 2258 et
1661 2205 1724 2258 ad
1789 2222 1907 2258 eam
1970 2222 2093 2258 nor-

518 2327 683 2376 mam,
748 2326 913 2376 quam
983 2307 1263 2361 constituit
1328 2304 1686 2373 Congregatio
1750 2313 1893 2358 sexta
1960 2305 2091 2358 haec

517 2410 814 2463 admonens
858 2427 867 2461 :
913 2407 1313 2462 «promovebit
1349 2405 1746 2460 exsecutionem
1775 2404 2091 2472 disciplinae

520 2527 545 2560 ))
587 2507 743 2573 vigor
780 2514 831 2560 et
859 2525 987 2560 usus
1029 2505 1513 2574 reprehensionum
1553 2512 1605 2558 et
1641 2503 1871 2557 aliarum
1910 2503 2094 2571 paeni-

520 2626 546 2659 ))
587 2606 879 2660 tentiarum
924 2607 1183 2660 adversus
1228 2612 1653 2670 transgressores
1693 2603 2004 2668 regularum
2039 2609 2091 2655 et

520 2724 546 2759 ))
586 2722 694 2759 non
756 2712 1004 2758 curantes
1062 2712 1285 2772 paterna
1346 2702 1570 2769 monita,
1631 2710 1843 2756 servato
1900 2701 2090 2755 ordine

520 2824 546 2858 >>
586 2805 805 2871 regulae.
872 2804 1134 2872 septimae
1202 2802 1490 2856 vicesimae
1547 2801 1789 2856 Rectoris
1844 2819 1854 2854 ε
1909 2801 1982 2854 ita
2032 2809 2091 2855 ut

520 2924 546 2957 ))
586 2903 901 2969 intellegant
927 2903 1148 2970 subditi,
1174 2902 1500 2956 veniendum
1525 2901 1741 2955 tandem
1765 2900 1829 2953 ad
1854 2908 2089 2953 extrema

520 3023 546 3056 ))
587 3003 827 3058 remedia
894 3002 1248 3069 dimissioniS‚
1316 3002 1358 3055 si
1422 3019 1556 3069 opus
1618 2999 1798 3067 suerit,
1870 2999 2088 3066 quando

522 3123 546 3157 ))
587 3103 706 3157 aliis
752 3102 967 3157 tentatis
1018 3103 1153 3156 nihil
1205 3101 1504 3170 proficitur.
1556 3121 1581 3154 ))

585 3202 671 3259 43.
713 3204 878 3257 Amor
932 3202 1211 3257 Societatis
1267 3210 1319 3256 et
1379 3201 1685 3256 sollicitudo
1746 3199 1812 3253 de
1861 3199 1945 3266 iis,
1993 3199 2088 3266 qui
