2315 3559
310 230 375 267 DE
404 231 480 267 1313.
514 231 638 268 EDM.
670 231 918 269 CAMMANI
949 232 1009 269 ET
1038 233 1297 269 soffloRL'M
1329 234 1589 271 MAnTYltlo
1662 220 1716 272 lli

174 393 199 425 ))
239 374 459 440 quidem
499 392 621 427 (irum
661 377 1028 429 sas-erdotibus
1069 377 1319 429 omnihus
1347 396 1632 431 (omninno
1660 379 1725 431 sit

173 491 198 523 ))
237 473 597 526 consessiones
630 474 888 540 excipere,
914 475 956 526 si
986 475 1284 528 necessaria
1319 485 1533 529 (areant
1560 477 1728 528 scien-

170 591 195 623 ))
237 572 326 637 tia,
369 581 420 625 et
457 590 512 625 se
552 573 605 625 in
651 573 949 639 perit-ulum
997 575 1211 627 errandi
1259 574 1361 641 ipsi
1401 575 1722 639 ‹tonis-erent,

169 692 194 724 ))
234 680 284 725 et
339 690 427 725 eos·
484 672 577 738 qui
634 673 699 725 ad
762 673 880 726 illos
931 674 1265 740 confugiunt,
1316 683 1370 726 ut
1421 674 1615 727 auxilia
1659 676 1720 727 ad

167 789 193 822 ))
233 771 459 823 salutem
503 771 785 837 excipiant,
834 771 986 824 facile
1031 772 1084 824 in
1129 772 1327 825 erroris
1373 772 1514 825 viam
1561 773 1726 825 dedu-

168 888 192 920 »
232 877 428 935 cerent,
455 870 609 935 plane
636 869 969 922 a‹1·,si‹1·ae(tus
1004 888 1158 923 ‹aes-o
1187 871 1437 923 duratum
1470 879 1718 937 praestet,

166 986 190 1019 »
230 968 389 1020 ambo
429 968 483 1020 in
529 969 738 1020 foveam
784 969 992 1021 cadent.
1044 988 1064 1020 ›>

231 1067 293 1119 Et
331 1068 459 1120 haee
505 1067 725 1134 quidem
765 1068 831 1121 de
870 1068 1144 1121 doetrinae
1172 1068 1441 1123 soliditate
1475 1087 1533 1122 as:
1574 1088 1724 1136 prae-

160 1166 372 1231 stantia,
433 1184 528 1233 pro
590 1167 846 1233 epistolae
913 1167 1174 1232 angustiis
1234 1176 1285 1221 et
1351 1186 1447 1235 pro
1514 1168 1717 1236 Vestra,

160 1266 495 1319 dilectissimi
549 1267 746 1333 Patres,
796 1267 989 1320 eximia
1029 1269 1302 1321 voluntate
1352 1269 1574 1336 prolixa,
1624 1289 1719 1338 pro

158 1367 234 1420 rei
279 1367 542 1432 gravitate
581 1384 638 1418 as·
686 1367 921 1433 pondere
972 1376 1113 1420 certe
1152 1369 1423 1434 pauciora.

224 1467 308 1522 35.
353 1467 627 1519 Innuenda
670 1468 924 1519 nonnulla
951 1475 1238 1533 supersunt
1276 1468 1340 1520 de
1379 1468 1719 1524 oboedientia

157 1575 209 1620 et
251 1566 557 1619 animorum
601 1566 994 1632 coniunctione,
1043 1584 1180 1633 quae
1224 1566 1288 1619 iis
1333 1584 1470 1633 quae
1514 1570 1578 1622 ad
1625 1570 1716 1623 Dei

155 1664 384 1730 gloriam
429 1671 710 1729 tentamus,
747 1663 1050 1716 mirabilem
1092 1664 1199 1716 vim
1239 1664 1483 1718 tribuunt
1521 1674 1571 1719 et
1610 1668 1719 1720 effi-

154 1763 374 1816 caciam.
435 1763 645 1816 Etenim
703 1763 745 1815 si
802 1763 855 1815 in
919 1763 1066 1815 omni
1130 1763 1236 1816 vita
1287 1765 1562 1831 proposita
1612 1767 1717 1820 sint

154 1862 308 1914 nobis
354 1863 597 1915 voluntas
643 1869 693 1914 et
736 1861 998 1914 iudicium
1043 1860 1345 1928 Superioris
1390 1880 1486 1929 pro
1532 1866 1716 1929 regula

153 1967 367 2013 nostrae
406 1959 693 2012 voluntatis
722 1967 773 2012 et
799 1958 1003 2025 iudicii,
1042 1960 1084 2012 si
1128 1961 1206 2012 vel
1245 1960 1398 2026 signo
1428 1962 1715 2015 voluntatis

153 2058 294 2111 illius
350 2059 516 2111 simus
579 2059 952 2125 obsequentes,
1007 2059 1049 2111 si
1101 2060 1165 2112 ad
1229 2059 1713 2125 obtemperandum

153 2174 468 2211 moveamur
527 2174 710 2210 amore
760 2166 811 2210 et
859 2158 1152 2223 alacritate,
1212 2158 1255 2210 si
1310 2157 1583 2225 Superiori
1639 2160 1712 2212 nil

150 2257 390 2309 clausum
424 2264 728 2321 teneamus;
770 2256 1078 2323 parebimus
1116 2256 1190 2310 ss>
1218 2257 1429 2310 Parenti
1458 2266 1509 2310 et
1535 2258 1714 2311 Domi-

150 2372 249 2407 nus
309 2355 605 2408 benefaciet
664 2356 818 2408 nobis
875 2374 933 2409 ae
994 2356 1162 2409 exitus
1213 2357 1464 2424 operibus
1514 2358 1711 2410 nostris

150 2455 404 2507 concedet
448 2454 881 2508 secundissimOS.
930 2455 1060 2508 Dein
1110 2456 1329 2522 planum
1379 2463 1456 2509 est
1500 2474 1558 2508 ae
1603 2457 1710 2509 evi-

150 2554 299 2618 dens,
364 2570 505 2619 eum,
564 2571 725 2620 quem
782 2554 908 2620 dixi,
968 2555 1213 2608 ordinem
1272 2563 1324 2608 et
1380 2557 1603 2608 modum
1654 2556 1707 2608 in

150 2652 463 2705 ministeriis
513 2653 709 2705 nostris
754 2653 923 2706 teneri
981 2662 1032 2707 et
1092 2662 1312 2707 conatus
1368 2662 1579 2707 nostros
1641 2656 1705 2708 ad

148 2768 316 2803 unum
378 2752 716 2818 eundemque
787 2752 950 2805 finem
1023 2753 1200 2819 parari
1269 2752 1540 2820 dirigique
1600 2771 1706 2806 non

149 2865 321 2916 posse,
368 2849 471 2902 nisi
516 2866 701 2903 omnes
738 2851 831 2903 uni
875 2858 1097 2917 pareant
1136 2851 1396 2904 voluntati
1439 2851 1705 2918 uniusque

148 2949 400 3001 mandata
444 2957 817 3015 exsequantur.
866 2948 1037 3011 Quare
1091 2967 1249 3003 nemo
1311 2950 1599 3017 peculiaria
1653 2957 1703 3002 et

146 3046 365 3113 propria
414 3047 516 3100 sibi
565 3055 802 3100 assumat
859 3049 1092 3115 negotia,
1146 3066 1319 3115 neque
1379 3057 1567 3114 urgeat
1621 3049 1700 3100 vel

146 3154 354 3211 premat
397 3163 486 3199 eos
530 3147 623 3213 qui
668 3155 938 3214 praesunt,
980 3150 1045 3202 ad
1090 3166 1151 3202 ea
1195 3148 1296 3202 sibi
1340 3148 1696 3211 concedenda,

1906 1495 1951 1530 ut

1777 1540 2078 1593 oboedienter,
