2315 3559
536 214 606 269 42
779 234 1030 272 EPISTOLA
1067 236 1286 274 ANTONII
1326 237 1524 275 MARIAE
1561 237 1870 275 ANDERLEDY

538 394 792 445 quorum.
812 379 961 442 Quod
983 380 1205 448 quidem
1233 390 1312 435 est
1337 382 1547 435 caritati
1569 382 2106 449 perniciosissimum.

538 477 860 532 Animorum
879 480 1016 533 hanc
1035 480 1469 534 coniunctionem
1492 481 1597 533 alio
1617 481 1778 534 etiam
1799 482 1961 534 modo
1984 480 2113 534 diri-

542 585 716 643 munt,
759 595 895 645 quos
940 587 1225 646 parentum
1265 580 1515 632 sollicitat
1558 596 1729 633 amor.
1771 578 1969 645 Solent,
2018 579 2111 646 qui

543 676 857 729 hominibus
886 677 1078 731 exteris
1105 686 1332 731 utuntur
1359 678 1734 743 familiaribus,
1754 686 1805 730 et
1831 677 1868 730 ii
1890 677 2111 744 quidem

541 776 774 829 maxime
830 776 923 844 qui
986 777 1318 844 parentibus,
1372 777 1713 844 superiorum
1777 779 2113 844 fratrumque

542 876 991 930 consutuedinem
1032 876 1324 943 dimittere,
1356 894 1482 929 usus
1522 876 1857 930 remissione.
1896 876 1967 929 Ex
2006 893 2114 943 quo

544 973 596 1027 id
633 974 807 1027 oritur
840 974 1084 1041 periculi,
1115 992 1180 1028 ne
1210 976 1436 1029 fratrum
1470 977 1832 1042 neglegenteS,
1863 976 1929 1029 de
1957 975 2115 1028 rebus

547 1073 746 1126 nostris
775 1091 967 1141 parum
997 1074 1260 1127 laborent.
1287 1074 1416 1128 Cum
1447 1075 1610 1142 enim,
1633 1075 1730 1128 etsi
1759 1074 1907 1129 dorni
1934 1082 2116 1128 tenen-

546 1179 652 1238 tur,
695 1173 954 1238 cogitatio
1000 1181 1050 1226 et
1101 1173 1315 1226 animus
1361 1173 1547 1227 volitet
1603 1182 1653 1228 et
1698 1182 1922 1239 vagetur
1971 1180 2116 1227 extra

546 1272 791 1339 domum,
827 1272 1006 1325 minus
1046 1289 1136 1326 eos
1170 1273 1308 1325 affici
1348 1273 1507 1326 rebus
1546 1273 1743 1327 nostris
1775 1290 1988 1326 necesse
2016 1280 2113 1338 est,

546 1379 709 1439 atque
749 1389 810 1425 eo
856 1372 1129 1440 devenire,
1170 1380 1230 1425 ut
1274 1372 1328 1425 in
1373 1374 1536 1426 domo
1581 1373 1693 1439 Dei,
1740 1373 1795 1426 in
1834 1371 2114 1438 Societate,

550 1471 824 1538 peregrini
853 1479 904 1525 et
931 1473 1168 1525 advenae
1191 1489 1305 1525 esse
1327 1472 1629 1525 videantur.

237 1579 464 1634 sibiipsis,
614 1570 700 1624 19.
731 1571 849 1624 Non
877 1588 999 1624 raro
1028 1571 1190 1624 etiam
1219 1571 1357 1638 illos,
1388 1588 1524 1638 quos
1552 1571 1651 1624 iste
1678 1578 1963 1638 parentum
2003 1587 2121 1637 per-

547 1669 782 1722 niciosus
806 1669 1104 1736 pervaserit
1126 1686 1298 1737 amor,
1318 1669 1586 1723 declinare
1610 1669 1854 1723 videmus
1876 1686 1905 1722 a
1920 1669 2122 1736 persec-

547 1768 710 1822 tionis
738 1769 956 1823 tramite
983 1777 1144 1836 atque
1167 1770 1469 1836 deflectere,
1495 1768 1821 1836 segniusque
1842 1786 1903 1821 ea
1923 1769 2116 1833 colere,

551 1886 692 1936 quae
719 1870 783 1922 ad
814 1869 1072 1936 pietatem
1101 1876 1152 1922 et
1178 1868 1613 1922 coniunctionem
1652 1885 1775 1921 cum
1814 1867 1920 1921 Deo
1960 1867 2123 1935 perti-

549 1975 696 2034 nent,
727 1969 908 2033 legum
937 1975 1246 2021 nostrarum
1275 1967 1402 2034 iugo
1430 1984 1484 2020 se
1512 1967 1809 2020 subducere
1837 1965 2118 2034 paulatim,

554 2066 864 2132 demigrare
892 2067 957 2120 de
985 2074 1154 2119 status
1182 2065 1420 2131 religiosi
1449 2066 1729 2131 dignitate.
1772 2064 1983 2118 Grande
2021 2065 2122 2118 hoc

555 2168 760 2220 malum
819 2165 883 2219 iis
940 2165 1211 2233 imprimis
1267 2166 1510 2219 accidere
1566 2166 1717 2231 solet,
1767 2164 1860 2231 qui
1905 2163 2124 2231 propin-

174 2268 440 2341 praesertim
473 2268 508 2311 si
554 2283 789 2333 quorum
813 2283 868 2319 se
889 2265 1171 2334 implicant
1191 2265 1440 2331 negotiis.
1460 2265 1526 2318 Hi
1549 2264 1701 2317 facile
1722 2281 1751 2317 a
1772 2263 2123 2331 Superiorum

191 2330 494 2441 pziigleffifflfflltse
556 2373 820 2432 potestate
865 2383 919 2419 se
964 2373 1263 2432 removent,
1312 2364 1624 2432 parentibus
1669 2362 1928 2429 serviunt,
1976 2378 2036 2415 ex
2080 2379 2120 2414 s.

235 2441 450 2488 ¹¹⁰g⁰¹¹¹s³
558 2464 849 2519 ministerii
872 2473 1157 2532 proventu,
1182 2463 1275 2532 qui
1298 2481 1359 2517 ex
1379 2463 1587 2518 Summi
1611 2461 1884 2515 Pontificis
1912 2462 2125 2515 decreto

562 2565 659 2619 soli
710 2565 1033 2619 Nostrorum
1084 2564 1308 2631 egestati
1359 2563 1739 2617 sustentandae
1789 2561 2127 2616 adhibendus

557 2673 657 2732 est,
705 2664 1136 2731 consanguineos
1181 2680 1379 2729 augere
1425 2663 1658 2729 student,
1699 2678 1821 2715 cum
1867 2659 2127 2714 Societate

559 2765 859 2830 iunguntur
908 2765 973 2818 ad
1021 2763 1275 2832 speciem,
1329 2771 1491 2830 atque
1541 2779 1603 2816 eo
1654 2761 1891 2828 nomine,
1944 2767 2003 2813 ut
2052 2758 2128 2811 rei

563 2873 852 2932 parentum
894 2863 1148 2918 familiari
1186 2863 1468 2917 consulant
1496 2862 1719 2915 felicius,
1750 2861 1957 2914 Nomen
1985 2857 2128 2911 enim

562 2962 842 3017 Sociorum
907 2964 1024 3017 lesu
1092 2963 1455 3017 venerandum
1505 2961 1910 3025 circumferunt,
1963 2973 2025 3011 eo
2076 2973 2129 3009 se

561 3071 743 3129 tegere
765 3081 824 3117 ac
846 3065 1229 3118 commendare
1250 3079 1404 3130 posse
1426 3061 1751 3128 existimant,
1777 3061 1905 3114 dum
1927 3057 2132 3124 disper-

564 3162 732 3216 sionis
759 3163 917 3217 titulo
943 3181 1001 3216 ac
1030 3162 1249 3216 nomine
1270 3169 1415 3215 extra
1438 3162 1627 3214 domos
1649 3167 1858 3213 nostras
1886 3156 2131 3222 degendo
