2315 3559
841 243 942 282 NEG
967 259 1033 265 —
1059 243 1163 281 Nov
1676 227 1776 281 457

217 390 376 434 menda
396 389 591 443 ingenita
611 389 681 432 illa
702 388 862 442 cuique
883 401 989 441 erga
1011 400 1116 431 suae
1138 386 1282 441 gentis
1305 386 1506 430 homines
1528 387 1772 440 propensio

218 478 289 530 (ΙΙ,
314 476 426 530 150),
448 475 633 520 maxime
655 475 781 519 nobis
804 475 878 529 qui
899 474 952 518 ad
981 488 1134 519 omnes
1157 487 1367 518 vocamur
1387 472 1552 526 ubique
1575 473 1772 526 gentium

218 561 314 616 pari
336 561 479 605 studio
501 560 714 604 iuvandos
736 560 788 613 (Ι,
812 560 926 614 457).

273 674 510 720 NEGO'I'IA
531 674 885 727 SAECULARIA,
899 687 1011 727 quae
1025 673 1247 717 hominem
1262 672 1387 726 quasi
1409 671 1452 714 in
1470 670 1657 715 alienam
1680 683 1778 725 spe-

217 761 328 805 ciem
368 761 685 805 transformant
714 761 765 813 (l,
797 759 883 813 98),
918 760 1087 814 scopuli
1123 765 1225 803 sunt
1258 757 1445 801 maxima
1481 756 1776 801 sollicitudine

220 846 382 891 vitandi
403 846 454 900 (Ι,
469 845 554 899 99).
581 845 656 889 His
678 858 808 889 nemo
831 851 1030 889 nostrum
1053 859 1100 888 se
1121 844 1365 888 immisceat
1385 843 1456 898 (ΙΙ,
1477 842 1544 886 91.
1569 843 1642 895 ΙΙΙ,
1665 840 1777 894 292),

220 938 383 986 quanto
404 931 550 975 minus
573 930 647 985 qui
675 931 936 985 Superiores
966 937 1068 974 sunt
1087 930 1138 983 (Ι,
1166 929 1285 982 190)!
1310 928 1397 973 Nec
1419 927 1773 981 consanguineo-

217 1031 314 1061 rum
353 1016 737 1070 postulationibus,
768 1030 849 1060 nec
891 1016 1088 1059 virorum
1126 1014 1584 1059 commendationibus
1614 1013 1778 1068 princi-

218 1116 336 1156 pum,
358 1115 440 1145 nec
460 1101 548 1145 ullo
580 1101 772 1155 denique
802 1100 993 1155 impulsu
1015 1100 1067 1144 ad
1089 1101 1171 1144 hoc
1203 1100 1359 1144 adduci
1391 1099 1531 1143 nostri
1554 1112 1601 1143 se
1633 1098 1780 1143 sinant

217 1189 268 1241 (I,
290 1187 402 1240 365),
423 1187 557 1231 falsae
578 1187 774 1231 utilitatis
797 1193 870 1230 aut
891 1186 1065 1241 pietatis
1089 1186 1237 1240 specie
1260 1185 1434 1240 decepti
1456 1185 1536 1238 (Cf.
1563 1185 1635 1237 ΙΙΙ,
1660 1183 1775 1238 295),

218 1274 300 1318 nisi
331 1273 566 1317 admodum
596 1273 710 1317 forte
748 1286 949 1327 perraro,
980 1287 1029 1317 re
1059 1273 1155 1327 ipsa
1192 1278 1394 1326 cogente,
1430 1286 1528 1316 cum
1559 1277 1780 1326 tempera-

219 1359 338 1403 tione
358 1359 409 1413 (Ι,
430 1358 544 1405 365).

276 1445 322 1490 Id
343 1459 368 1488 a
389 1445 479 1489 suis
509 1443 712 1499 exigebat
740 1445 781 1489 S.
816 1444 859 1488 P.
895 1444 1089 1498 Ignatius
1121 1445 1171 1497 (Ι,
1205 1443 1319 1496 464),
1354 1442 1581 1496 voluitque
1614 1442 1778 1487 nostris

219 1531 464 1586 praescribi
485 1531 769 1575 Innocentius
790 1531 838 1581 X,
859 1537 902 1575 et
920 1530 1210 1584 praescripsit
1229 1529 1364 1584 Cong.
1390 1528 1496 1574 Gen.
1517 1528 1565 1581 V,
1585 1528 1778 1573 adhibito

220 1617 350 1661 etiam
383 1617 580 1661 remedio
612 1617 661 1670 (Ι,
686 1617 799 1671 465),
826 1631 881 1661 ne
910 1617 1172 1671 Superiores
1207 1616 1336 1660 nimis
1368 1616 1604 1660 coniveant
1634 1615 1686 1669 (1,
1709 1615 1777 1659 99.

219 1702 280 1747 Cf.
305 1704 376 1757 ΙΙΙ,
400 1703 513 1755 202).
537 1703 647 1747 Sunt
667 1703 783 1747 enim
822 1703 929 1747 haec
951 1702 1005 1746 ab
1027 1702 1230 1746 instituto
1265 1708 1417 1746 nostro
1440 1701 1583 1745 aliena
1603 1701 1654 1754 (l,
1679 1701 1776 1755 462)

220 1788 345 1832 valde
377 1789 533 1832 nociva
553 1787 711 1842 (ΙΙ,’92,
736 1787 847 1841 172),
869 1787 1029 1842 quibus
1061 1787 1241 1831 minime
1273 1787 1401 1831 decet
1430 1800 1510 1831 nos
1542 1786 1781 1831 immisceri

220 1875 290 1928 (ΙΙ,
333 1874 446 1928 463),
489 1874 598 1918 adeo
642 1880 689 1918 ut
736 1874 837 1917 hinc
887 1879 1024 1917 status
1073 1872 1301 1917 Societatis
1345 1878 1476 1926 atque
1521 1871 1780 1916 existimatio

219 1975 379 2015 magna
399 1974 449 2004 ex
470 1967 597 2014 parte
618 1960 810 2014 pendeat
830 1960 879 2012 (I,
899 1958 994 2012 365,
1018 1957 1214 2004 380-383.
1239 1958 1300 2003 Cf.
1327 1959 1358 2012 l,
1382 1957 1497 2012 285).

273 2086 478 2131 NOVIGII
495 2100 584 2130 non
601 2086 886 2130 admittantur
903 2085 986 2129 nisi
1002 2085 1150 2129 idonei
1167 2086 1216 2138 (Ι.
1239 2084 1750 2139 192‚vid.Admjttendj)
1767 2099 1778 2138 3

223 2172 297 2226 qui
317 2172 427 2216 tales
449 2185 537 2215 non
560 2177 662 2216 sunt
681 2171 956 2215 dimittantur
975 2170 1026 2223 (Ι,
1052 2170 1145 2223 192,
1170 2169 1261 2213 vid.
1285 2170 1592 2224 Dimittendi).

276 2257 464 2301 Admissi
480 2257 658 2301 omnino
676 2270 862 2301 necesse
880 2262 1009 2301 estut
1024 2256 1107 2299 rite
1123 2256 1373 2299 formentur
1385 2255 1457 2309 (ΙΙ,
1470 2255 1565 2299 311.
1583 2256 1654 2309 ΙΙΙ,
1667 2254 1783 2309 273),

222 2357 321 2386 cum
353 2356 403 2386 ex
433 2342 550 2385 bono
583 2342 755 2385 novicio
786 2341 930 2385 bonus
962 2341 1141 2385 exsistat
1171 2340 1458 2385 scholasticus
1479 2341 1529 2394 (I,
1554 2340 1640 2394 57),
1666 2348 1709 2385 et
1738 2341 1783 2385 in

225 2428 388 2482 optimo
413 2427 585 2471 novicio
618 2441 720 2481 spes
742 2426 893 2481 optimi
915 2426 1107 2481 professi
1128 2427 1196 2479 (ΙΙ,
1219 2426 1302 2480 15).
1327 2426 1520 2470 Firmum
1544 2426 1784 2480 spiritualis

223 2512 407 2557 aedificii
436 2513 596 2556 iaciant
624 2512 958 2556 fundamentum
989 2513 1039 2565 (l,
1063 2512 1130 2555 62.
1156 2512 1227 2562 ΙΙΙ,
1253 2512 1365 2564 145),
1390 2512 1555 2555 cibaria
1583 2512 1627 2555 in
1659 2511 1784 2556 Beth-

223 2600 334 2644 leem
357 2599 406 2651 (I,
431 2599 500 2651 59)
532 2604 575 2642 et
605 2598 791 2651 amplam
823 2598 1032 2641 virtutum
1065 2597 1380 2652 supellectilem
1413 2597 1494 2642 sibi
1525 2604 1785 2652 comparent

222 2685 268 2737 (l,
293 2684 360 2736 58,
380 2684 465 2736 61).
487 2682 632 2735 Quare
656 2696 744 2726 non
767 2682 1113 2736 dispensandum
1136 2682 1179 2725 in
1203 2682 1398 2726 secundo
1415 2682 1604 2727 tertiove
1623 2682 1784 2736 proba-

222 2768 352 2812 tionis
375 2781 491 2812 anno
515 2767 597 2811 nisi
620 2767 743 2821 gravi
765 2773 956 2821 urgente
979 2768 1244 2811 necessitate
1265 2767 1318 2823 (Ι,
1341 2767 1453 2820 192).

277 2854 324 2897 In
342 2853 495 2907 primis
516 2852 733 2907 probandi
756 2858 858 2896 sunt
878 2866 932 2895 an
954 2852 1334 2897 rectaintentione
1353 2853 1572 2897 ducantur
1585 2867 1685 2898 cum
1701 2867 1782 2908 spe

224 2938 542 2993 perseverandi
559 2939 610 2991 (1,
628 2937 696 2981 62.
717 2939 768 2991 ΙΙ,
792 2937 854 2991 12,
876 2937 959 2991 13).
979 2937 1146 2982 Deinde
1164 2938 1266 2992 quia
1282 2938 1476 2982 durioris
1494 2938 1579 2982 cibi
1597 2952 1784 2994 capaces

228 3037 317 3067 non
349 3029 464 3075 sunt,
489 3023 723 3076 diligenter
751 3022 973 3066 lactitandi
1003 3023 1073 3077 (11,
1094 3023 1159 3076 14,
1185 3023 1279 3076 15);
1313 3023 1500 3067 docendi
1530 3023 1783 3068 methodum

229 3109 383 3153 orandi
400 3109 453 3152 ad
467 3108 668 3163 spiritum
689 3108 916 3152 Societatis
933 3109 1305 3153 accommodatam
1323 3109 1393 3162 (ΙΙ,
1414 3108 1534 3162 160);
1559 3109 1783 3154 imbuendi

225 3194 278 3239 ad
299 3194 645 3238 ministeriorum
667 3200 711 3238 et
731 3194 946 3249 graduum
968 3194 1268 3240 diversitatem
1289 3194 1588 3240 indifferentia
1607 3195 1659 3249 (I,
1685 3195 1778 3249 197,
