2315 3559
237 244 304 281 DE
329 242 585 282 VANITATE
612 244 791 282 RERUM
820 243 1153 283 HUMANARUM
1181 244 1568 286 CONTEMNENDA
1604 233 1704 288 219

152 406 312 457 penes
362 405 483 442 eum
541 389 774 442 futuram
831 388 1120 457 aliquando
1176 397 1495 458 potestatem
1540 409 1707 460 popu-

151 489 231 542 lus
303 488 404 542 sibi
471 488 876 556 gratulabatur,
947 489 1249 543 fortunatus
1322 489 1409 543 ille
1476 490 1701 559 iuvenis,

151 586 308 640 rebus
359 586 606 641 diffidens
666 587 992 653 transituriS,
1045 588 1255 656 copiam
1312 606 1512 656 rerum,
1566 589 1706 644 vitae

150 684 556 753 iucunditatem,
597 686 937 754 splendorem
976 704 1035 740 ac
1074 687 1531 753 magnificentiam
1570 689 1705 743 levia

149 794 309 854 atque
347 785 527 839 inania
570 785 735 852 ducit,
789 803 886 853 pro
936 785 1105 839 nihilo
1149 794 1319 855 putat,
1367 795 1701 854 aspernatur.

215 884 359 939 Nihil
410 885 600 939 melius
652 892 748 951 est,
801 884 874 939 ita
934 885 1099 939 sensit
1159 903 1280 940 cum
1330 885 1441 940 filio
1498 886 1701 954 Sirach‚

148 985 296 1038 mflzz'l
343 984 541 1037 melius
588 990 680 1051 est,
728 1002 891 1052 quam
938 984 1100 1038 timor
1140 985 1242 1038 Dei
1293 992 1342 1039 et
1391 986 1539 1039 nihil
1586 987 1706 1040 dul-

148 1083 279 1148 ciuS,
320 1101 481 1151 quam
521 1083 778 1149 respicere
816 1083 877 1136 in
912 1083 1190 1137 mandatis
1225 1084 1467 1138 Domini.
1515 1084 1704 1139 Gloria

147 1201 349 1251 mstyna
390 1189 465 1236 est
505 1183 658 1251 sequi
699 1182 1013 1237 Dominum.

215 1281 345 1335 Cum
401 1297 522 1334 vero
585 1280 817 1335 stetisset
877 1281 1139 1336 sententia
1200 1282 1351 1350 sequi
1414 1282 1701 1337 Dominum

146 1397 309 1448 quam
370 1379 630 1448 proxime,
683 1398 742 1434 ac
804 1379 943 1434 vitae
999 1380 1261 1435 rationem
1319 1380 1455 1435 inire
1504 1399 1704 1450 paupe-

145 1498 259 1535 rem
310 1488 361 1534 et
403 1480 687 1535 hominum
739 1481 992 1549 opinione
1042 1481 1356 1549 ignobilem,
1410 1499 1517 1536 non
1578 1499 1702 1536 eum

144 1579 316 1646 latuit,
358 1579 412 1633 in
455 1579 784 1634 laboriosum
829 1580 950 1634 ideo
994 1597 1115 1635 cum
1155 1589 1305 1649 patre
1349 1580 1450 1634 sibi
1489 1581 1704 1636 venien-

144 1684 273 1738 dum
313 1700 426 1737 esse
463 1690 752 1737 certamen.
796 1684 930 1738 Illud
969 1683 1194 1752 suscipit
1230 1691 1411 1738 tamen
1448 1702 1507 1739 ac
1542 1684 1704 1739 mira-

141 1781 237 1836 bili
297 1781 595 1837 constantia
656 1781 883 1837 sustinet
936 1791 1122 1837 contra
1187 1792 1485 1851 parentem,
1539 1801 1701 1852 quem

145 1881 486 1936 veneratione
570 1899 800 1949 summa,
883 1899 1067 1937 amore
1145 1882 1437 1937 tenerrimo
1522 1901 1704 1952 prose-

144 1980 428 2050 quebatur.

210 2080 383 2134 Vincit
432 2081 650 2135 tandem
706 2089 867 2150 atque
922 2082 1225 2137 incredibili
1275 2084 1451 2151 palam
1502 2083 1700 2151 gaudio

142 2179 460 2248 triumphat.
524 2180 670 2234 Adeo
737 2198 1021 2235 succensus
1084 2189 1198 2236 erat
1257 2199 1443 2236 amore
1508 2181 1700 2237 Divino

141 2281 283 2335 beati
333 2281 687 2336 adulescentis
733 2282 964 2349 animus,
1013 2290 1070 2336 ut
1125 2301 1277 2337 suam
1326 2283 1546 2338 laudare
1596 2284 1702 2337 for-

142 2389 328 2435 tunam
387 2381 559 2436 verbis
618 2382 915 2450 Prophetae
976 2382 1111 2450 regii
1162 2383 1436 2438 videretur
1482 2401 1492 2436 :
1556 2383 1702 2437 Mihi

143 2487 324 2535 autem
360 2481 650 2535 adhaerere
685 2481 790 2535 Deo
823 2482 1019 2536 hemam
1045 2488 1136 2547 est,
1164 2499 1358 2549 ponere
1385 2482 1445 2536 in
1469 2482 1700 2536 Domino

142 2580 247 2635 Deo
282 2598 431 2648 spem
467 2597 660 2634 meam.

213 2679 393 2734 Mirari
432 2680 681 2734 iuvenem
726 2681 972 2736 homines
1016 2683 1335 2750 plerumque
1374 2682 1564 2747 solent,
1605 2680 1699 2748 qui

144 2779 389 2833 caelestia
427 2787 679 2847 reputans
718 2780 928 2848 potiora
966 2781 1210 2848 terreniS,
1241 2782 1426 2849 procul
1464 2799 1493 2834 a
1526 2779 1700 2849 patria

144 2885 196 2932 et
244 2878 552 2946 parentibus
606 2878 917 2946 religiosum
974 2880 1113 2935 vitae
1163 2880 1468 2934 institutum
1531 2878 1698 2933 ordiri

144 2977 397 3033 decrevit.
444 2977 618 3033 Abicit
667 2978 754 3033 ille
797 2980 1064 3034 bonorum
1114 2980 1275 3034 huius
1324 2988 1497 3035 terrae
1548 2995 1697 3047 spem

144 3077 401 3146 aliquam,
465 3079 556 3133 sed
625 3096 774 3146 spem
847 3079 1070 3134 fortasse
1148 3080 1224 3135 rei
1297 3079 1540 3134 modicae
1618 3079 1698 3132 vel

146 3177 449 3245 pertenuis;
502 3177 732 3233 Aloisius
777 3194 902 3233 vero
946 3196 1095 3248 spem
1145 3179 1246 3235 sibi
1296 3178 1488 3235 adimit
1536 3193 1698 3246 opum

1746 1190 1866 1223 Eecli.
1878 1190 1931 1231 23,
1944 1191 2055 1223 37-38.

1805 2591 1868 2622 Ps.
1880 2590 1933 2629 72,
1945 2592 1998 2623 28.
