2315 3559
189 242 256 281 DE
295 240 565 280 Pfflucums
602 239 890 278 TEMPORUM
930 236 1244 276 NosrnoRuM
1285 237 1535 275 CAvssnms
1572 222 1662 276 291

123 388 305 442 deesse
362 394 626 454 putarem,
679 392 730 439 et
785 384 1079 437 multorum
1142 381 1286 436 exitii
1347 382 1670 436 conscientia

122 485 310 552 teneri,
352 485 454 538 nisi
496 484 620 538 totis
661 482 864 536 viribus
909 481 1158 548 eniterer,
1206 489 1264 535 ut
1307 489 1415 534 tam
1461 489 1672 535 sanctae

122 583 569 652 praescriptiones
602 582 855 636 inviolate
894 588 1234 636 servarentur
1247 600 1258 647 ;
1290 588 1342 635 et
1382 588 1567 634 contra
1595 580 1673 633 in-

123 682 411 737 fensissimi
506 681 675 735 hostis
758 681 980 735 insidias
1071 681 1136 735 ad
1227 698 1377 733 arma
1466 680 1672 734 concla-

122 800 344 837 marem.
426 783 530 836 Nec
597 781 741 836 enim
820 782 895 834 sas
975 788 1053 834 est
1135 787 1345 834 nosmet
1427 779 1672 847 decipere

122 881 560 948 inconsultaeque
610 879 837 935 fiduciae
888 887 1089 933 temere
1138 878 1494 933 committere.
1542 876 1674 931 Con-

120 979 294 1034 suevit
347 978 569 1047 quidem
622 978 1042 1045 benignissimus
1098 978 1234 1032 Deus
1290 995 1349 1031 ac
1415 976 1672 1030 Dominus

122 1086 303 1133 noster
365 1096 424 1132 ea
491 1077 801 1132 adiumenta
855 1095 914 1130 ac
971 1076 1257 1145 praesidia,
1321 1075 1516 1144 quibus
1577 1092 1673 1128 nos

123 1177 431 1232 Institutum
471 1184 715 1230 nostrum
755 1176 880 1230 satis
920 1193 1188 1244 superque
1226 1174 1460 1242 instruit,
1501 1174 1674 1241 gratia

123 1294 217 1331 sua
254 1277 521 1344 supplere,
563 1292 704 1342 cum,
746 1282 838 1329 aut
882 1274 1240 1329 saevientibus
1279 1274 1334 1327 in
1373 1291 1468 1328 nos
1507 1290 1674 1341 popu-

121 1376 299 1430 lorum
366 1374 738 1441 seditionibUS,
804 1381 895 1428 aut
955 1381 1144 1427 natura
1211 1373 1326 1440 ipsa
1387 1385 1673 1426 munerum

121 1493 258 1543 quae
301 1475 455 1528 nobis
488 1492 517 1528 a
550 1481 730 1528 sancta
762 1473 1102 1528 oboedientia
1145 1471 1558 1527 committuntur
1594 1471 1676 1539 (ut

122 1575 232 1629 fere
271 1574 486 1630 evenire
535 1576 669 1629 solet
712 1574 765 1627 in
818 1572 1165 1627 missionibus
1209 1571 1350 1626 inter
1387 1571 1671 1639 infideles),

122 1676 340 1742 regulae
377 1683 590 1729 nostrae
629 1682 680 1729 et
716 1681 891 1728 cetera
931 1672 1164 1727 Instituti
1202 1671 1531 1740 praescripta
1569 1689 1675 1726 non

121 1774 271 1830 omni
320 1792 380 1829 ex
417 1782 568 1844 parte
618 1774 819 1829 servari
859 1780 1099 1842 possunt.
1141 1771 1272 1827 Cum
1316 1779 1496 1826 autem
1537 1779 1677 1826 tran-

123 1873 289 1942 quilla
339 1891 467 1942 pace
511 1873 566 1927 in
616 1873 811 1927 nostris
855 1871 1094 1940 collegiis
1144 1880 1196 1926 et
1238 1870 1543 1926 residentiis
1588 1871 1678 1926 de-

122 1981 326 2042 genteS,
381 1972 702 2028 domesticas
753 1973 896 2040 leges
945 1989 1006 2026 ex
1057 1971 1328 2026 voluntate
1381 1969 1678 2025 contemni-

122 2090 240 2127 mus
291 2080 342 2128 et
384 2072 738 2140 neglegimUS‚
785 2089 892 2126 non
948 2073 1110 2127 modo
1160 2072 1298 2126 Deus
1352 2071 1526 2139 gratia
1582 2089 1676 2125 sua

121 2187 229 2225 non
290 2172 519 2239 supplet,
584 2172 676 2226 sed
732 2169 1029 2225 iustissimo
1086 2169 1286 2225 iudicio
1342 2187 1499 2238 saepe
1560 2186 1677 2237 per-

124 2270 290 2324 mittit
337 2278 397 2324 ut
456 2289 486 2324 a
542 2270 804 2326 daemone
855 2269 1227 2325 vehementius
1277 2286 1672 2338 oppugnemur,

124 2377 177 2424 et
229 2387 259 2424 a
309 2369 586 2424 vocatione
636 2377 818 2424 nostra
867 2370 942 2424 sic
991 2386 1450 2437 commoveamur,
1503 2376 1562 2422 ut
1610 2368 1677 2422 ab

122 2470 212 2524 illa
253 2469 450 2524 misere
495 2470 828 2525 deficiamus

188 2568 272 2624 ΞΟ.
323 2570 508 2637 Neque
556 2569 734 2624 minus
782 2569 894 2624 veri
941 2569 1118 2625 simile
1177 2569 1407 2625 credatis
1466 2576 1675 2623 tantum

122 2668 324 2722 malum
385 2667 489 2722 illis
549 2669 861 2736 impendere
921 2685 1095 2737 posse,
1149 2668 1243 2736 qui
1293 2668 1359 2722 ab
1418 2668 1517 2722 hac
1566 2667 1679 2722 ani-

122 2767 196 2821 mi
240 2767 455 2823 levitate
504 2768 677 2836 abripi
722 2785 776 2822 se
820 2768 1013 2822 sinant.
1067 2769 1201 2823 Nam
1250 2768 1470 2823 effectus
1520 2767 1678 2822 mise-

122 2867 295 2935 randi,
371 2867 465 2936 qui
537 2885 653 2922 eam
735 2868 844 2922 fere
915 2875 1335 2936 consequuntur,
1411 2867 1676 2923 eiusmodi

125 2976 266 3035 sunt,
336 2967 429 3036 qui
497 2974 606 3021 tam
674 2967 926 3022 exitiosae
992 2967 1178 3022 ruinae
1250 2967 1392 3022 viam
1466 2980 1677 3035 semper

123 3067 429 3135 paraverint
509 3076 562 3121 et
642 3066 838 3121 cotidie
920 3075 1126 3135 parent.
1209 3067 1447 3131 Quorum
1531 3066 1674 3121 enim

123 3182 273 3221 mens
332 3167 478 3221 nullo
537 3166 697 3220 firmo
757 3166 1038 3234 tenacique
1104 3166 1381 3235 proposito
1447 3165 1671 3233 regitur,

1722 2570 1899 2615 Exitiosi
1927 2570 2044 2614 enim

1759 2632 1861 2669 sunt
1880 2626 2007 2669 huius

1754 2680 2007 2724 tentationis

1783 2735 1980 2780 effectus.
