<?xml version="1.0" encoding="UTF-8"?>
<!DOCTYPE html PUBLIC "-//W3C//DTD XHTML 1.0 Transitional//EN"
    "http://www.w3.org/TR/xhtml1/DTD/xhtml1-transitional.dtd">
<html xmlns="http://www.w3.org/1999/xhtml" xml:lang="en" lang="en">
 <head>
  <title>
</title>
<meta http-equiv="Content-Type" content="text/html;charset=utf-8" />
  <meta name='ocr-system' content='tesseract 3.04.00' />
  <meta name='ocr-capabilities' content='ocr_page ocr_carea ocr_par ocr_line ocrx_word'/>
</head>
<body>
  <div class='ocr_page' id='page_1' title='image "./epistolaepraepos04jesu_0240.png"; bbox 0 0 2315 3559; ppageno 0'>
   <div class='ocr_carea' id='block_1_1' title="bbox 206 702 423 743">
    <p class='ocr_par' dir='ltr' id='par_1_1' title="bbox 206 702 423 743">
     <span class='ocr_line' id='line_1_1' title="bbox 206 702 423 743; baseline 0.009 -9"><span class='ocrx_word' id='word_1_1' title='bbox 206 702 288 735; x_wconf 72' lang='lat'><em>101).</em></span> <span class='ocrx_word' id='word_1_2' title='bbox 306 702 357 743; x_wconf 87' lang='lat'>11,</span> <span class='ocrx_word' id='word_1_3' title='bbox 372 703 423 736; x_wconf 83' lang='lat'>12.</span> 
     </span>
    </p>
   </div>
   <div class='ocr_carea' id='block_1_2' title="bbox 146 1606 460 1645">
    <p class='ocr_par' dir='ltr' id='par_1_2' title="bbox 146 1606 460 1645">
     <span class='ocr_line' id='line_1_2' title="bbox 146 1606 460 1645; baseline 0.003 -8"><span class='ocrx_word' id='word_1_4' title='bbox 146 1607 175 1638; x_wconf 85' lang='lat' dir='ltr'>l.</span> <span class='ocrx_word' id='word_1_5' title='bbox 202 1607 344 1645; x_wconf 84' lang='lat' dir='ltr'>Ioann,</span> <span class='ocrx_word' id='word_1_6' title='bbox 360 1608 392 1645; x_wconf 80' lang='lat'>2,</span> <span class='ocrx_word' id='word_1_7' title='bbox 409 1606 460 1638; x_wconf 74' lang='lat'>15.</span> 
     </span>
    </p>
   </div>
   <div class='ocr_carea' id='block_1_3' title="bbox 147 1711 469 1810">
    <p class='ocr_par' dir='ltr' id='par_1_3' title="bbox 147 1711 469 1810">
     <span class='ocr_line' id='line_1_3' title="bbox 173 1711 447 1754; baseline 0 0"><span class='ocrx_word' id='word_1_8' title='bbox 173 1713 206 1754; x_wconf 73' lang='lat' dir='ltr'>A</span> <span class='ocrx_word' id='word_1_9' title='bbox 230 1711 356 1754; x_wconf 82' lang='lat' dir='ltr'>nobis</span> <span class='ocrx_word' id='word_1_10' title='bbox 380 1717 447 1754; x_wconf 87' lang='lat' dir='ltr'>est</span> 
     </span>
     <span class='ocr_line' id='line_1_4' title="bbox 147 1766 469 1810; baseline 0.006 -2"><span class='ocrx_word' id='word_1_11' title='bbox 147 1766 469 1810; x_wconf 79' lang='lat' dir='ltr'>debessundus:</span> 
     </span>
    </p>
   </div>
   <div class='ocr_carea' id='block_1_4' title="bbox 175 2195 443 2249">
    <p class='ocr_par' dir='ltr' id='par_1_4' title="bbox 175 2195 443 2249">
     <span class='ocr_line' id='line_1_5' title="bbox 175 2195 443 2249; baseline 0 -11"><span class='ocrx_word' id='word_1_12' title='bbox 175 2195 204 2238; x_wconf 92' lang='lat' dir='ltr'>l.</span> <span class='ocrx_word' id='word_1_13' title='bbox 231 2195 274 2238; x_wconf 89' lang='lat' dir='ltr'>in</span> <span class='ocrx_word' id='word_1_14' title='bbox 299 2195 443 2249; x_wconf 85' lang='lat' dir='ltr'>nobis,</span> 
     </span>
    </p>
   </div>
   <div class='ocr_carea' id='block_1_5' title="bbox 147 2898 472 3009">
    <p class='ocr_par' dir='ltr' id='par_1_5' title="bbox 147 2898 472 3009">
     <span class='ocr_line' id='line_1_6' title="bbox 203 2898 417 2953; baseline 0.005 -11"><span class='ocrx_word' id='word_1_15' title='bbox 203 2900 305 2953; x_wconf 82' lang='lat' dir='ltr'>quia</span> <span class='ocrx_word' id='word_1_16' title='bbox 330 2898 417 2943; x_wconf 77' lang='lat' dir='ltr'>lleo</span> 
     </span>
     <span class='ocr_line' id='line_1_7' title="bbox 147 2955 472 3009; baseline 0 -11"><span class='ocrx_word' id='word_1_17' title='bbox 147 2955 472 3009; x_wconf 63' lang='lat' dir='ltr'>munus(ficass‚</span> 
     </span>
    </p>
   </div>
   <div class='ocr_carea' id='block_1_6' title="bbox 217 3202 406 3258">
    <p class='ocr_par' dir='ltr' id='par_1_6' title="bbox 217 3202 406 3258">
     <span class='ocr_line' id='line_1_8' title="bbox 217 3202 406 3258; baseline 0.005 -12"><span class='ocrx_word' id='word_1_18' title='bbox 217 3202 406 3258; x_wconf 82' lang='lat' dir='ltr'>proinde</span> 
     </span>
    </p>
   </div>
   <div class='ocr_carea' id='block_1_7' title="bbox 526 229 1911 288">
    <p class='ocr_par' dir='ltr' id='par_1_7' title="bbox 526 229 1911 288">
     <span class='ocr_line' id='line_1_9' title="bbox 526 229 1911 288; baseline 0.002 -4"><span class='ocrx_word' id='word_1_19' title='bbox 526 229 625 285; x_wconf 60' lang='lat'>2028</span> <span class='ocrx_word' id='word_1_20' title='bbox 699 247 947 287; x_wconf 72' lang='lat' dir='ltr'>EPISTOLA</span> <span class='ocrx_word' id='word_1_21' title='bbox 986 249 1034 287; x_wconf 86' lang='lat' dir='ltr'>R.</span> <span class='ocrx_word' id='word_1_22' title='bbox 1078 249 1124 287; x_wconf 81' lang='lat' dir='ltr'>P.</span> <span class='ocrx_word' id='word_1_23' title='bbox 1167 251 1219 288; x_wconf 86' lang='lat' dir='ltr'>N.</span> <span class='ocrx_word' id='word_1_24' title='bbox 1261 250 1380 287; x_wconf 78' lang='lat' dir='ltr'><strong>ANT.</strong></span> <span class='ocrx_word' id='word_1_25' title='bbox 1431 249 1555 287; x_wconf 75' lang='lat' dir='ltr'><strong>MAR.</strong></span> <span class='ocrx_word' id='word_1_26' title='bbox 1602 243 1911 287; x_wconf 77' lang='lat' dir='ltr'>ANDERLEDY&#39;</span> 
     </span>
    </p>
   </div>
   <div class='ocr_carea' id='block_1_8' title="bbox 516 393 2090 3264">
    <p class='ocr_par' dir='ltr' id='par_1_8' title="bbox 524 393 2090 759">
     <span class='ocr_line' id='line_1_10' title="bbox 524 393 2087 462; baseline 0.003 -17"><span class='ocrx_word' id='word_1_27' title='bbox 524 408 579 446; x_wconf 85' lang='lat' dir='ltr'>se</span> <span class='ocrx_word' id='word_1_28' title='bbox 635 393 941 462; x_wconf 83' lang='lat' dir='ltr'>expediunt,</span> <span class='ocrx_word' id='word_1_29' title='bbox 1005 394 1310 449; x_wconf 87' lang='lat' dir='ltr'>libertatem</span> <span class='ocrx_word' id='word_1_30' title='bbox 1366 412 1640 448; x_wconf 90' lang='lat' dir='ltr'>summum</span> <span class='ocrx_word' id='word_1_31' title='bbox 1701 394 1938 449; x_wconf 90' lang='lat' dir='ltr'>hominis</span> <span class='ocrx_word' id='word_1_32' title='bbox 2005 394 2087 449; x_wconf 87' lang='lat' dir='ltr'>ius</span> 
     </span>
     <span class='ocr_line' id='line_1_11' title="bbox 525 493 2086 561; baseline 0.001 -17"><span class='ocrx_word' id='word_1_33' title='bbox 525 508 639 545; x_wconf 90' lang='lat' dir='ltr'>esse</span> <span class='ocrx_word' id='word_1_34' title='bbox 683 493 986 561; x_wconf 84' lang='lat' dir='ltr'>decantant,</span> <span class='ocrx_word' id='word_1_35' title='bbox 1040 493 1434 549; x_wconf 88' lang='lat' dir='ltr'>consentientes</span> <span class='ocrx_word' id='word_1_36' title='bbox 1486 494 1708 561; x_wconf 82' lang='lat' dir='ltr'>mundo,</span> <span class='ocrx_word' id='word_1_37' title='bbox 1762 493 1856 561; x_wconf 89' lang='lat' dir='ltr'>qui</span> <span class='ocrx_word' id='word_1_38' title='bbox 1905 494 2086 560; x_wconf 83' lang='lat' dir='ltr'>legum</span> 
     </span>
     <span class='ocr_line' id='line_1_12' title="bbox 524 591 2090 662; baseline 0 -16"><span class='ocrx_word' id='word_1_39' title='bbox 524 591 812 659; x_wconf 78' lang='lat' dir='ltr'>impatiens</span> <span class='ocrx_word' id='word_1_40' title='bbox 848 600 1126 662; x_wconf 79' lang='lat' dir='ltr'><em>tamquam</em></span> <span class='ocrx_word' id='word_1_41' title='bbox 1163 593 1346 660; x_wconf 76' lang='lat' dir='ltr'>lilium</span> <span class='ocrx_word' id='word_1_42' title='bbox 1383 594 1577 662; x_wconf 61' lang='lat' dir='ltr'>onagri</span> <span class='ocrx_word' id='word_1_43' title='bbox 1611 592 1666 646; x_wconf 89' lang='lat' dir='ltr'>in</span> <span class='ocrx_word' id='word_1_44' title='bbox 1703 592 1836 646; x_wconf 89' lang='lat' dir='ltr'>silva</span> <span class='ocrx_word' id='word_1_45' title='bbox 1871 610 1924 647; x_wconf 80' lang='lat' dir='ltr'>se</span> <span class='ocrx_word' id='word_1_46' title='bbox 1961 593 2090 647; x_wconf 77' lang='lat' dir='ltr'>libe-</span> 
     </span>
     <span class='ocr_line' id='line_1_13' title="bbox 524 698 1102 759; baseline 0.003 -16"><span class='ocrx_word' id='word_1_47' title='bbox 524 709 651 744; x_wconf 72' lang='lat' dir='ltr'>rum</span> <span class='ocrx_word' id='word_1_48' title='bbox 694 699 885 746; x_wconf 59' lang='lat' dir='ltr'>militm</span> <span class='ocrx_word' id='word_1_49' title='bbox 924 698 1102 759; x_wconf 78' lang='lat' dir='ltr'>putat.</span> 
     </span>
    </p>

    <p class='ocr_par' dir='ltr' id='par_1_9' title="bbox 519 790 2088 1356">
     <span class='ocr_line' id='line_1_14' title="bbox 592 790 2088 858; baseline 0.001 -14"><span class='ocrx_word' id='word_1_50' title='bbox 592 791 703 844; x_wconf 92' lang='lat' dir='ltr'>Hoc</span> <span class='ocrx_word' id='word_1_51' title='bbox 756 790 1120 845; x_wconf 79' lang='lat' dir='ltr'>vacillantium</span> <span class='ocrx_word' id='word_1_52' title='bbox 1170 791 1455 845; x_wconf 90' lang='lat' dir='ltr'>hominum</span> <span class='ocrx_word' id='word_1_53' title='bbox 1517 808 1685 858; x_wconf 80' lang='lat' dir='ltr'>genus</span> <span class='ocrx_word' id='word_1_54' title='bbox 1735 798 1815 845; x_wconf 91' lang='lat' dir='ltr'>est</span> <span class='ocrx_word' id='word_1_55' title='bbox 1863 791 2088 845; x_wconf 89' lang='lat' dir='ltr'>fortasse</span> 
     </span>
     <span class='ocr_line' id='line_1_15' title="bbox 522 890 2087 958; baseline 0 -14"><span class='ocrx_word' id='word_1_56' title='bbox 522 890 1061 958; x_wconf 80' lang='lat' dir='ltr'>periculosissimum,</span> <span class='ocrx_word' id='word_1_57' title='bbox 1114 898 1167 945; x_wconf 90' lang='lat' dir='ltr'>et</span> <span class='ocrx_word' id='word_1_58' title='bbox 1203 908 1327 945; x_wconf 90' lang='lat' dir='ltr'>cum</span> <span class='ocrx_word' id='word_1_59' title='bbox 1372 890 1514 944; x_wconf 92' lang='lat' dir='ltr'>illius</span> <span class='ocrx_word' id='word_1_60' title='bbox 1560 890 1716 944; x_wconf 90' lang='lat' dir='ltr'>malis</span> <span class='ocrx_word' id='word_1_61' title='bbox 1757 890 2087 945; x_wconf 90' lang='lat' dir='ltr'>medendum</span> 
     </span>
     <span class='ocr_line' id='line_1_16' title="bbox 521 989 2087 1057; baseline 0.001 -15"><span class='ocrx_word' id='word_1_62' title='bbox 521 989 589 1042; x_wconf 86' lang='lat' dir='ltr'>sit</span> <span class='ocrx_word' id='word_1_63' title='bbox 644 1008 673 1043; x_wconf 90' lang='lat' dir='ltr'>a</span> <span class='ocrx_word' id='word_1_64' title='bbox 728 989 902 1056; x_wconf 76' lang='lat' dir='ltr'>nobiS,</span> <span class='ocrx_word' id='word_1_65' title='bbox 966 990 1266 1044; x_wconf 89' lang='lat' dir='ltr'>cavendum</span> <span class='ocrx_word' id='word_1_66' title='bbox 1328 1006 1493 1057; x_wconf 88' lang='lat' dir='ltr'>quam</span> <span class='ocrx_word' id='word_1_67' title='bbox 1563 989 1814 1057; x_wconf 81' lang='lat' dir='ltr'>maxime,</span> <span class='ocrx_word' id='word_1_68' title='bbox 1878 1007 1944 1043; x_wconf 89' lang='lat' dir='ltr'>ne</span> <span class='ocrx_word' id='word_1_69' title='bbox 2006 991 2087 1044; x_wconf 90' lang='lat' dir='ltr'>vel</span> 
     </span>
     <span class='ocr_line' id='line_1_17' title="bbox 519 1089 2086 1158; baseline 0 -16"><span class='ocrx_word' id='word_1_70' title='bbox 519 1091 867 1156; x_wconf 84' lang='lat' dir='ltr'>consulendo,</span> <span class='ocrx_word' id='word_1_71' title='bbox 921 1091 1003 1143; x_wconf 84' lang='lat' dir='ltr'>vel</span> <span class='ocrx_word' id='word_1_72' title='bbox 1053 1089 1372 1157; x_wconf 84' lang='lat' dir='ltr'>conivendo‚</span> <span class='ocrx_word' id='word_1_73' title='bbox 1427 1091 1508 1143; x_wconf 88' lang='lat' dir='ltr'>vel</span> <span class='ocrx_word' id='word_1_74' title='bbox 1570 1090 1836 1158; x_wconf 87' lang='lat' dir='ltr'>quosdam</span> <span class='ocrx_word' id='word_1_75' title='bbox 1897 1106 2086 1144; x_wconf 88' lang='lat' dir='ltr'>eorum</span> 
     </span>
     <span class='ocr_line' id='line_1_18' title="bbox 520 1189 2088 1257; baseline 0.001 -15"><span class='ocrx_word' id='word_1_76' title='bbox 520 1205 696 1243; x_wconf 87' lang='lat' dir='ltr'>mores</span> <span class='ocrx_word' id='word_1_77' title='bbox 742 1189 1007 1244; x_wconf 83' lang='lat' dir='ltr'>imitando</span> <span class='ocrx_word' id='word_1_78' title='bbox 1062 1189 1238 1243; x_wconf 89' lang='lat' dir='ltr'>labem</span> <span class='ocrx_word' id='word_1_79' title='bbox 1284 1206 1633 1257; x_wconf 79' lang='lat' dir='ltr'>aspergamus</span> <span class='ocrx_word' id='word_1_80' title='bbox 1681 1189 1837 1243; x_wconf 88' lang='lat' dir='ltr'>nobis</span> <span class='ocrx_word' id='word_1_81' title='bbox 1887 1189 1990 1257; x_wconf 91' lang='lat' dir='ltr'>ipsi</span> <span class='ocrx_word' id='word_1_82' title='bbox 2037 1197 2088 1243; x_wconf 90' lang='lat' dir='ltr'>et</span> 
     </span>
     <span class='ocr_line' id='line_1_19' title="bbox 519 1288 1818 1356; baseline -0.001 -13"><span class='ocrx_word' id='word_1_83' title='bbox 519 1290 585 1344; x_wconf 84' lang='lat' dir='ltr'>ab</span> <span class='ocrx_word' id='word_1_84' title='bbox 630 1289 866 1343; x_wconf 84' lang='lat' dir='ltr'>Instituti</span> <span class='ocrx_word' id='word_1_85' title='bbox 912 1289 1082 1343; x_wconf 83' lang='lat' dir='ltr'>nostri</span> <span class='ocrx_word' id='word_1_86' title='bbox 1128 1288 1438 1356; x_wconf 80' lang='lat' dir='ltr'>integritate</span> <span class='ocrx_word' id='word_1_87' title='bbox 1482 1288 1818 1343; x_wconf 80' lang='lat' dir='ltr'>deficiamus,</span> 
     </span>
    </p>

    <p class='ocr_par' dir='ltr' id='par_1_10' title="bbox 519 1388 2088 1659">
     <span class='ocr_line' id='line_1_20' title="bbox 589 1388 2085 1458; baseline -0.001 -15"><span class='ocrx_word' id='word_1_88' title='bbox 589 1390 910 1444; x_wconf 78' lang='lat' dir='ltr'>Persuasum</span> <span class='ocrx_word' id='word_1_89' title='bbox 955 1390 1123 1457; x_wconf 81' lang='lat' dir='ltr'>igitur</span> <span class='ocrx_word' id='word_1_90' title='bbox 1167 1389 1341 1457; x_wconf 81' lang='lat' dir='ltr'>nobiS‚</span> <span class='ocrx_word' id='word_1_91' title='bbox 1389 1389 1611 1443; x_wconf 89' lang='lat' dir='ltr'>firmum</span> <span class='ocrx_word' id='word_1_92' title='bbox 1657 1397 1817 1458; x_wconf 86' lang='lat' dir='ltr'>atque</span> <span class='ocrx_word' id='word_1_93' title='bbox 1862 1388 2085 1443; x_wconf 89' lang='lat' dir='ltr'>insitum</span> 
     </span>
     <span class='ocr_line' id='line_1_21' title="bbox 519 1488 2088 1558; baseline -0.001 -15"><span class='ocrx_word' id='word_1_94' title='bbox 519 1490 732 1558; x_wconf 88' lang='lat' dir='ltr'>penitus</span> <span class='ocrx_word' id='word_1_95' title='bbox 778 1489 847 1543; x_wconf 91' lang='lat' dir='ltr'>sit</span> <span class='ocrx_word' id='word_1_96' title='bbox 891 1489 1160 1544; x_wconf 89' lang='lat' dir='ltr'>monitum</span> <span class='ocrx_word' id='word_1_97' title='bbox 1205 1488 1255 1544; x_wconf 82' lang='lat' dir='ltr'>S.</span> <span class='ocrx_word' id='word_1_98' title='bbox 1310 1489 1525 1544; x_wconf 86' lang='lat' dir='ltr'>Ioannis</span> <span class='ocrx_word' id='word_1_99' title='bbox 1568 1489 1811 1558; x_wconf 82' lang='lat' dir='ltr'>Apostoli</span> <span class='ocrx_word' id='word_1_100' title='bbox 1852 1507 1863 1543; x_wconf 90' lang='lat'>:</span> <span class='ocrx_word' id='word_1_101' title='bbox 1909 1489 2088 1544; x_wconf 74' lang='lat' dir='ltr'>Nolite</span> 
     </span>
     <span class='ocr_line' id='line_1_22' title="bbox 519 1590 2081 1659; baseline -0.001 -16"><span class='ocrx_word' id='word_1_102' title='bbox 519 1591 750 1658; x_wconf 69' lang='lat' dir='ltr'>diliyere</span> <span class='ocrx_word' id='word_1_103' title='bbox 785 1591 1075 1655; x_wconf 74' lang='lat' dir='ltr'>mundum,</span> <span class='ocrx_word' id='word_1_104' title='bbox 1112 1607 1281 1659; x_wconf 73' lang='lat' dir='ltr'>neque</span> <span class='ocrx_word' id='word_1_105' title='bbox 1317 1608 1396 1657; x_wconf 80' lang='lat' dir='ltr'>ea,</span> <span class='ocrx_word' id='word_1_106' title='bbox 1431 1607 1566 1659; x_wconf 79' lang='lat' dir='ltr'>quae</span> <span class='ocrx_word' id='word_1_107' title='bbox 1605 1590 1666 1644; x_wconf 72' lang='lat' dir='ltr'>in</span> <span class='ocrx_word' id='word_1_108' title='bbox 1700 1592 1902 1645; x_wconf 74' lang='lat' dir='ltr'>mundo</span> <span class='ocrx_word' id='word_1_109' title='bbox 1937 1595 2081 1644; x_wconf 74' lang='lat' dir='ltr'>sunt.</span> 
     </span>
    </p>

    <p class='ocr_par' dir='ltr' id='par_1_11' title="bbox 516 1689 2088 2160">
     <span class='ocr_line' id='line_1_23' title="bbox 585 1689 2088 1758; baseline -0.001 -13"><span class='ocrx_word' id='word_1_110' title='bbox 585 1690 634 1745; x_wconf 83' lang='lat'>9.</span> <span class='ocrx_word' id='word_1_111' title='bbox 694 1691 811 1745; x_wconf 89' lang='lat' dir='ltr'>Non</span> <span class='ocrx_word' id='word_1_112' title='bbox 861 1708 1015 1744; x_wconf 90' lang='lat' dir='ltr'>amor</span> <span class='ocrx_word' id='word_1_113' title='bbox 1075 1690 1162 1744; x_wconf 91' lang='lat' dir='ltr'>hic</span> <span class='ocrx_word' id='word_1_114' title='bbox 1223 1690 1421 1758; x_wconf 81' lang='lat' dir='ltr'>agitur,</span> <span class='ocrx_word' id='word_1_115' title='bbox 1481 1691 1572 1745; x_wconf 91' lang='lat' dir='ltr'>sed</span> <span class='ocrx_word' id='word_1_116' title='bbox 1623 1690 1842 1744; x_wconf 88' lang='lat' dir='ltr'>bellum.</span> <span class='ocrx_word' id='word_1_117' title='bbox 1902 1689 2088 1744; x_wconf 90' lang='lat' dir='ltr'>Debel-</span> 
     </span>
     <span class='ocr_line' id='line_1_24' title="bbox 517 1790 2087 1860; baseline -0.001 -15"><span class='ocrx_word' id='word_1_118' title='bbox 517 1792 708 1846; x_wconf 88' lang='lat' dir='ltr'>landus</span> <span class='ocrx_word' id='word_1_119' title='bbox 758 1798 837 1845; x_wconf 90' lang='lat' dir='ltr'>est</span> <span class='ocrx_word' id='word_1_120' title='bbox 892 1791 1145 1857; x_wconf 81' lang='lat' dir='ltr'>mundus,</span> <span class='ocrx_word' id='word_1_121' title='bbox 1195 1799 1246 1845; x_wconf 84' lang='lat' dir='ltr'>et</span> <span class='ocrx_word' id='word_1_122' title='bbox 1295 1790 1610 1845; x_wconf 81' lang='lat' dir='ltr'>enitendum</span> <span class='ocrx_word' id='word_1_123' title='bbox 1661 1798 1720 1844; x_wconf 88' lang='lat' dir='ltr'>ut</span> <span class='ocrx_word' id='word_1_124' title='bbox 1780 1807 2087 1860; x_wconf 83' lang='lat' dir='ltr'>expugnen-</span> 
     </span>
     <span class='ocr_line' id='line_1_25' title="bbox 516 1890 2085 1958; baseline -0.001 -13"><span class='ocrx_word' id='word_1_125' title='bbox 516 1900 603 1946; x_wconf 90' lang='lat' dir='ltr'>tur</span> <span class='ocrx_word' id='word_1_126' title='bbox 646 1891 814 1945; x_wconf 89' lang='lat' dir='ltr'>animi</span> <span class='ocrx_word' id='word_1_127' title='bbox 857 1890 1068 1945; x_wconf 88' lang='lat' dir='ltr'>Christo</span> <span class='ocrx_word' id='word_1_128' title='bbox 1113 1890 1236 1945; x_wconf 91' lang='lat' dir='ltr'>duci</span> <span class='ocrx_word' id='word_1_129' title='bbox 1281 1898 1484 1957; x_wconf 82' lang='lat' dir='ltr'>nostro,</span> <span class='ocrx_word' id='word_1_130' title='bbox 1526 1899 1577 1945; x_wconf 89' lang='lat' dir='ltr'>et</span> <span class='ocrx_word' id='word_1_131' title='bbox 1615 1891 1785 1958; x_wconf 80' lang='lat' dir='ltr'>erepti</span> <span class='ocrx_word' id='word_1_132' title='bbox 1823 1908 1850 1945; x_wconf 91' lang='lat' dir='ltr'>e</span> <span class='ocrx_word' id='word_1_133' title='bbox 1895 1890 2085 1945; x_wconf 88' lang='lat' dir='ltr'>mundi</span> 
     </span>
     <span class='ocr_line' id='line_1_26' title="bbox 518 1990 2087 2060; baseline -0.001 -14"><span class='ocrx_word' id='word_1_134' title='bbox 518 1992 760 2047; x_wconf 86' lang='lat' dir='ltr'>faucibus</span> <span class='ocrx_word' id='word_1_135' title='bbox 800 2009 964 2060; x_wconf 87' lang='lat' dir='ltr'>quam</span> <span class='ocrx_word' id='word_1_136' title='bbox 1003 1991 1244 2060; x_wconf 84' lang='lat' dir='ltr'>plurimi,</span> <span class='ocrx_word' id='word_1_137' title='bbox 1293 1991 1626 2046; x_wconf 89' lang='lat' dir='ltr'>deditionem</span> <span class='ocrx_word' id='word_1_138' title='bbox 1677 1991 1875 2046; x_wconf 87' lang='lat' dir='ltr'>faciant</span> <span class='ocrx_word' id='word_1_139' title='bbox 1910 1990 2087 2045; x_wconf 90' lang='lat' dir='ltr'>homi-</span> 
     </span>
     <span class='ocr_line' id='line_1_27' title="bbox 518 2091 1057 2160; baseline 0 -14"><span class='ocrx_word' id='word_1_140' title='bbox 518 2110 649 2146; x_wconf 90' lang='lat' dir='ltr'>num</span> <span class='ocrx_word' id='word_1_141' title='bbox 688 2091 1057 2160; x_wconf 89' lang='lat' dir='ltr'>Redemptori.</span> 
     </span>
    </p>

    <p class='ocr_par' dir='ltr' id='par_1_12' title="bbox 518 2189 2086 3264">
     <span class='ocr_line' id='line_1_28' title="bbox 588 2189 2085 2248; baseline -0.002 -1"><span class='ocrx_word' id='word_1_142' title='bbox 588 2192 670 2248; x_wconf 78' lang='lat'>10.</span> <span class='ocrx_word' id='word_1_143' title='bbox 714 2192 988 2247; x_wconf 87' lang='lat' dir='ltr'>Gloriosae</span> <span class='ocrx_word' id='word_1_144' title='bbox 1029 2208 1155 2246; x_wconf 86' lang='lat' dir='ltr'>vero</span> <span class='ocrx_word' id='word_1_145' title='bbox 1193 2190 1354 2244; x_wconf 90' lang='lat' dir='ltr'>huius</span> <span class='ocrx_word' id='word_1_146' title='bbox 1395 2190 1761 2245; x_wconf 82' lang='lat' dir='ltr'>dimicationis</span> <span class='ocrx_word' id='word_1_147' title='bbox 1799 2190 1954 2244; x_wconf 91' lang='lat' dir='ltr'>initia</span> <span class='ocrx_word' id='word_1_148' title='bbox 1991 2189 2085 2244; x_wconf 90' lang='lat' dir='ltr'>ubi</span> 
     </span>
     <span class='ocr_line' id='line_1_29' title="bbox 518 2290 2083 2362; baseline -0.003 -14"><span class='ocrx_word' id='word_1_149' title='bbox 518 2294 767 2362; x_wconf 90' lang='lat' dir='ltr'>ponenda</span> <span class='ocrx_word' id='word_1_150' title='bbox 812 2293 972 2346; x_wconf 69' lang='lat' dir='ltr'>sunt?</span> <span class='ocrx_word' id='word_1_151' title='bbox 1007 2292 1124 2347; x_wconf 93' lang='lat' dir='ltr'>Non</span> <span class='ocrx_word' id='word_1_152' title='bbox 1162 2290 1291 2345; x_wconf 89' lang='lat' dir='ltr'>alibi</span> <span class='ocrx_word' id='word_1_153' title='bbox 1335 2292 1595 2360; x_wconf 84' lang='lat' dir='ltr'>profectO,</span> <span class='ocrx_word' id='word_1_154' title='bbox 1643 2309 1808 2360; x_wconf 88' lang='lat' dir='ltr'>quam</span> <span class='ocrx_word' id='word_1_155' title='bbox 1842 2291 1897 2345; x_wconf 93' lang='lat' dir='ltr'>in</span> <span class='ocrx_word' id='word_1_156' title='bbox 1929 2290 2083 2346; x_wconf 91' lang='lat' dir='ltr'>nobis</span> 
     </span>
     <span class='ocr_line' id='line_1_30' title="bbox 518 2391 2084 2462; baseline -0.001 -15"><span class='ocrx_word' id='word_1_157' title='bbox 518 2394 667 2462; x_wconf 79' lang='lat' dir='ltr'>ipsiS.</span> <span class='ocrx_word' id='word_1_158' title='bbox 717 2394 789 2447; x_wconf 79' lang='lat' dir='ltr'>Ex</span> <span class='ocrx_word' id='word_1_159' title='bbox 843 2400 1028 2447; x_wconf 87' lang='lat' dir='ltr'>nostro</span> <span class='ocrx_word' id='word_1_160' title='bbox 1084 2391 1286 2459; x_wconf 88' lang='lat' dir='ltr'>animo,</span> <span class='ocrx_word' id='word_1_161' title='bbox 1340 2392 1383 2445; x_wconf 90' lang='lat' dir='ltr'>si</span> <span class='ocrx_word' id='word_1_162' title='bbox 1440 2409 1547 2460; x_wconf 89' lang='lat' dir='ltr'>qua</span> <span class='ocrx_word' id='word_1_163' title='bbox 1603 2391 1856 2459; x_wconf 90' lang='lat' dir='ltr'>insident,</span> <span class='ocrx_word' id='word_1_164' title='bbox 1921 2399 2084 2460; x_wconf 86' lang='lat' dir='ltr'>atque</span> 
     </span>
     <span class='ocr_line' id='line_1_31' title="bbox 518 2491 2086 2560; baseline -0.002 -12"><span class='ocrx_word' id='word_1_165' title='bbox 518 2495 801 2548; x_wconf 83' lang='lat' dir='ltr'>inhaerent</span> <span class='ocrx_word' id='word_1_166' title='bbox 844 2493 1136 2559; x_wconf 89' lang='lat' dir='ltr'>mundana,</span> <span class='ocrx_word' id='word_1_167' title='bbox 1183 2492 1291 2546; x_wconf 88' lang='lat' dir='ltr'>Deo</span> <span class='ocrx_word' id='word_1_168' title='bbox 1341 2491 1573 2559; x_wconf 84' lang='lat' dir='ltr'>benigne</span> <span class='ocrx_word' id='word_1_169' title='bbox 1616 2492 1853 2560; x_wconf 89' lang='lat' dir='ltr'>iuvante,</span> <span class='ocrx_word' id='word_1_170' title='bbox 1900 2492 2086 2547; x_wconf 89' lang='lat' dir='ltr'>exstir-</span> 
     </span>
     <span class='ocr_line' id='line_1_32' title="bbox 518 2591 2083 2663; baseline -0.002 -15"><span class='ocrx_word' id='word_1_171' title='bbox 518 2595 695 2663; x_wconf 89' lang='lat' dir='ltr'>panda</span> <span class='ocrx_word' id='word_1_172' title='bbox 739 2601 862 2647; x_wconf 90' lang='lat' dir='ltr'>sunt</span> <span class='ocrx_word' id='word_1_173' title='bbox 905 2592 1135 2662; x_wconf 82' lang='lat' dir='ltr'>penitus,</span> <span class='ocrx_word' id='word_1_174' title='bbox 1185 2592 1249 2646; x_wconf 89' lang='lat' dir='ltr'>Et</span> <span class='ocrx_word' id='word_1_175' title='bbox 1292 2592 1541 2660; x_wconf 87' lang='lat' dir='ltr'>quamvis</span> <span class='ocrx_word' id='word_1_176' title='bbox 1584 2610 1708 2647; x_wconf 91' lang='lat' dir='ltr'>cum</span> <span class='ocrx_word' id='word_1_177' title='bbox 1752 2591 1878 2646; x_wconf 90' lang='lat' dir='ltr'>filiis</span> <span class='ocrx_word' id='word_1_178' title='bbox 1922 2591 2083 2645; x_wconf 88' lang='lat' dir='ltr'>huius</span> 
     </span>
     <span class='ocr_line' id='line_1_33' title="bbox 519 2691 2082 2760; baseline -0.002 -12"><span class='ocrx_word' id='word_1_179' title='bbox 519 2694 717 2749; x_wconf 90' lang='lat' dir='ltr'>saeculi</span> <span class='ocrx_word' id='word_1_180' title='bbox 765 2694 1089 2748; x_wconf 89' lang='lat' dir='ltr'>versandum</span> <span class='ocrx_word' id='word_1_181' title='bbox 1141 2692 1210 2746; x_wconf 90' lang='lat' dir='ltr'>sit</span> <span class='ocrx_word' id='word_1_182' title='bbox 1260 2693 1589 2760; x_wconf 85' lang='lat' dir='ltr'>frequenter,</span> <span class='ocrx_word' id='word_1_183' title='bbox 1632 2691 1851 2759; x_wconf 81' lang='lat' dir='ltr'>ingenio</span> <span class='ocrx_word' id='word_1_184' title='bbox 1901 2698 2082 2746; x_wconf 91' lang='lat' dir='ltr'>tamen</span> 
     </span>
     <span class='ocr_line' id='line_1_34' title="bbox 519 2791 2084 2861; baseline -0.004 -11"><span class='ocrx_word' id='word_1_185' title='bbox 519 2803 571 2851; x_wconf 85' lang='lat' dir='ltr'>et</span> <span class='ocrx_word' id='word_1_186' title='bbox 609 2794 852 2849; x_wconf 90' lang='lat' dir='ltr'>moribus</span> <span class='ocrx_word' id='word_1_187' title='bbox 889 2794 956 2847; x_wconf 90' lang='lat' dir='ltr'>ab</span> <span class='ocrx_word' id='word_1_188' title='bbox 995 2793 1059 2847; x_wconf 92' lang='lat' dir='ltr'>iis</span> <span class='ocrx_word' id='word_1_189' title='bbox 1097 2810 1318 2861; x_wconf 87' lang='lat' dir='ltr'>prorsus</span> <span class='ocrx_word' id='word_1_190' title='bbox 1355 2810 1452 2847; x_wconf 91' lang='lat' dir='ltr'>nos</span> <span class='ocrx_word' id='word_1_191' title='bbox 1490 2800 1703 2861; x_wconf 88' lang='lat' dir='ltr'>oportet</span> <span class='ocrx_word' id='word_1_192' title='bbox 1744 2809 1857 2847; x_wconf 91' lang='lat' dir='ltr'>esse</span> <span class='ocrx_word' id='word_1_193' title='bbox 1907 2791 2084 2846; x_wconf 90' lang='lat' dir='ltr'>seiun-</span> 
     </span>
     <span class='ocr_line' id='line_1_35' title="bbox 518 2891 2084 2960; baseline -0.003 -10"><span class='ocrx_word' id='word_1_194' title='bbox 518 2904 649 2951; x_wconf 89' lang='lat' dir='ltr'>ctos.</span> <span class='ocrx_word' id='word_1_195' title='bbox 704 2895 811 2949; x_wconf 90' lang='lat' dir='ltr'>Deo</span> <span class='ocrx_word' id='word_1_196' title='bbox 867 2894 1012 2948; x_wconf 89' lang='lat' dir='ltr'>enim</span> <span class='ocrx_word' id='word_1_197' title='bbox 1063 2893 1225 2948; x_wconf 90' lang='lat' dir='ltr'>dicati</span> <span class='ocrx_word' id='word_1_198' title='bbox 1271 2911 1394 2947; x_wconf 89' lang='lat' dir='ltr'>cum</span> <span class='ocrx_word' id='word_1_199' title='bbox 1439 2893 1625 2960; x_wconf 81' lang='lat' dir='ltr'>simuS‚</span> <span class='ocrx_word' id='word_1_200' title='bbox 1679 2893 1745 2947; x_wconf 92' lang='lat' dir='ltr'>ad</span> <span class='ocrx_word' id='word_1_201' title='bbox 1801 2891 2084 2960; x_wconf 86' lang='lat' dir='ltr'>perfectio-</span> 
     </span>
     <span class='ocr_line' id='line_1_36' title="bbox 520 2991 2077 3050; baseline -0.004 0"><span class='ocrx_word' id='word_1_202' title='bbox 520 3013 643 3050; x_wconf 86' lang='lat' dir='ltr'>nem</span> <span class='ocrx_word' id='word_1_203' title='bbox 704 3002 757 3049; x_wconf 92' lang='lat' dir='ltr'>et</span> <span class='ocrx_word' id='word_1_204' title='bbox 833 2993 1171 3047; x_wconf 83' lang='lat' dir='ltr'>sanctitatem</span> <span class='ocrx_word' id='word_1_205' title='bbox 1245 2992 1679 3048; x_wconf 86' lang='lat' dir='ltr'>contendendum</span> <span class='ocrx_word' id='word_1_206' title='bbox 1753 2991 1907 3046; x_wconf 89' lang='lat' dir='ltr'>nobis</span> <span class='ocrx_word' id='word_1_207' title='bbox 1979 2998 2077 3045; x_wconf 88' lang='lat' dir='ltr'>est.</span> 
     </span>
     <span class='ocr_line' id='line_1_37' title="bbox 520 3089 2079 3163; baseline -0.004 -14"><span class='ocrx_word' id='word_1_208' title='bbox 520 3093 786 3163; x_wconf 84' lang='lat' dir='ltr'>Quicquid</span> <span class='ocrx_word' id='word_1_209' title='bbox 838 3100 1017 3147; x_wconf 88' lang='lat' dir='ltr'>autem</span> <span class='ocrx_word' id='word_1_210' title='bbox 1072 3099 1316 3146; x_wconf 89' lang='lat' dir='ltr'>sanctum</span> <span class='ocrx_word' id='word_1_211' title='bbox 1360 3092 1577 3160; x_wconf 88' lang='lat' dir='ltr'>Deoque</span> <span class='ocrx_word' id='word_1_212' title='bbox 1624 3090 1882 3157; x_wconf 83' lang='lat' dir='ltr'>dicatum,</span> <span class='ocrx_word' id='word_1_213' title='bbox 1935 3089 2079 3144; x_wconf 90' lang='lat' dir='ltr'>idem</span> 
     </span>
     <span class='ocr_line' id='line_1_38' title="bbox 522 3188 2080 3264; baseline -0.005 -14"><span class='ocrx_word' id='word_1_214' title='bbox 522 3202 830 3264; x_wconf 88' lang='lat' dir='ltr'>separatum</span> <span class='ocrx_word' id='word_1_215' title='bbox 887 3209 946 3248; x_wconf 90' lang='lat' dir='ltr'>ac</span> <span class='ocrx_word' id='word_1_216' title='bbox 1002 3198 1345 3259; x_wconf 81' lang='lat' dir='ltr'>segregatum</span> <span class='ocrx_word' id='word_1_217' title='bbox 1407 3209 1437 3246; x_wconf 89' lang='lat' dir='ltr'>a</span> <span class='ocrx_word' id='word_1_218' title='bbox 1502 3190 1662 3245; x_wconf 86' lang='lat' dir='ltr'>rebus</span> <span class='ocrx_word' id='word_1_219' title='bbox 1729 3188 2080 3256; x_wconf 89' lang='lat' dir='ltr'>moribusque</span> 
     </span>
    </p>
   </div>
  </div>
 </body>
</html>
