2315 3559
260 232 326 270 DE
364 230 634 269 PERlcums
671 229 959 268 TEMPORUM
999 229 1314 269 NosrRORUM
1354 231 1605 270 CAVENDIS
1642 216 1741 271 297

191 375 563 444 ephemerides
607 382 659 429 et
701 374 865 428 libelli
910 374 1040 428 illud
1068 392 1098 428 a
1124 374 1278 428 nobis
1323 374 1423 428 sibi
1469 374 1742 430 vindicant

190 482 420 542 tempUS,
467 474 609 542 quod
658 473 764 527 Deo
803 480 855 527 et
901 473 1181 527 animabus
1225 473 1292 527 ab
1341 490 1404 528 eo
1448 475 1740 543 redemptis

190 580 363 628 totum
402 573 680 627 debemus

256 671 339 726 ⁶23.
416 671 564 735 Quod
648 670 948 739 periculum
1022 677 1081 724 ut
1153 677 1417 725 averteret
1477 688 1506 724 a
1567 670 1740 725 Socie-

188 778 295 825 tate
349 769 542 836 Congr.
596 785 723 836 xxn,
778 770 921 823 decr.
987 769 1071 836 15,
1135 769 1536 823 commendavit
1587 770 1743 824 Prae-

189 868 364 938 posito
407 868 670 935 Generali,
712 876 771 921 ut
808 867 1093 935 diligenter
1137 870 1438 923 consuleret
1487 886 1552 923 ne
1602 870 1740 923 ullus

189 968 243 1022 in
295 985 350 1022 re
399 976 508 1022 tam
558 967 709 1034 gravi
766 967 962 1022 abusus
1019 967 1302 1036 irreperet;
1356 976 1408 1022 et
1458 968 1589 1023 fines
1639 977 1742 1023 sta-

189 1074 362 1121 tueret
410 1067 606 1135 quibus
655 1066 969 1122 huiusmodi
1020 1067 1429 1136 ephemeridum
1488 1076 1539 1122 et
1593 1068 1743 1122 libel-

189 1167 364 1221 lorum
431 1167 587 1221 lectio
655 1167 917 1222 contineri
985 1167 1220 1222 deberet.
1291 1167 1470 1222 Serius
1538 1176 1737 1235 autem,

189 1267 567 1335 praedecessor
628 1283 778 1320 meus
840 1267 1012 1321 bonae
1074 1267 1388 1334 memoriae,
1438 1267 1493 1321 P.
1550 1267 1737 1334 Beckx,

187 1382 326 1419 anno
387 1364 539 1433 1860,
606 1382 792 1420 vocem
855 1366 1121 1429 attollenS,
1179 1373 1238 1419 ut
1292 1366 1357 1420 de
1410 1366 1510 1419 hoc
1571 1365 1741 1420 abusu

185 1472 626 1533 conquereretur,
681 1465 820 1518 mala
878 1482 1016 1533 quae
1074 1464 1198 1519 inde
1254 1464 1469 1519 evenire
1525 1474 1743 1533 possent

186 1562 436 1618 Societati
516 1563 600 1617 his
674 1563 1008 1630 gravissimis
1082 1563 1257 1618 verbis
1325 1564 1663 1618 denuntiavit
1727 1583 1736 1618 :

189 1675 215 1710 «
255 1661 424 1725 Quam
475 1662 788 1729 dolendum,
836 1661 1004 1717 immo
1057 1679 1181 1717 vero
1226 1662 1357 1731 quid
1408 1680 1515 1717 non
1565 1663 1739 1717 solum

187 1761 420 1832 spiritui,
469 1762 560 1817 sed
606 1761 708 1829 ipsi
759 1761 921 1816 etiam
968 1762 1235 1817 vocationi
1285 1762 1588 1818 timendum
1633 1780 1740 1817 non

187 1870 346 1931 esset,
393 1861 437 1917 si
482 1861 651 1917 nostri
697 1879 933 1931 quoque,
976 1864 1121 1931 quod
1173 1862 1356 1917 multis
1401 1862 1456 1917 in
1508 1864 1742 1918 saecula-

188 1961 335 2016 ribus
378 1962 477 2016 hac
521 1969 704 2016 nostra
748 1969 919 2016 aetate
964 1979 1085 2016 cum
1136 1962 1321 2016 dolore
1367 1961 1736 2029 observamUS,

186 2061 386 2116 omisso
438 2062 519 2116 vel
570 2060 878 2130 posthabito
938 2061 1273 2116 severiorum
1331 2061 1739 2131 disciplinarum

187 2160 384 2227 studio,
426 2168 478 2215 et
515 2177 758 2229 operum,
802 2160 856 2214 in
895 2160 1091 2229 quibus
1130 2160 1252 2215 illae
1290 2160 1460 2216 solide
1498 2168 1551 2215 et
1587 2160 1741 2216 docte

186 2267 500 2327 tractantur,
570 2259 814 2327 lectione,
881 2259 1032 2314 libris
1093 2268 1146 2314 et
1205 2259 1398 2314 libellis
1461 2258 1741 2328 quibusvis

187 2358 359 2413 obviis
398 2359 801 2427 pervolutandis
839 2366 1051 2427 tempus
1090 2366 1200 2413 tam
1240 2358 1538 2428 pretiosum
1576 2375 1741 2427 quam

185 2458 346 2513 breve
397 2459 701 2526 perderent,
748 2458 992 2513 animum
1049 2458 1393 2528 dissiparent,
1441 2476 1533 2513 cor
1576 2458 1743 2513 emol-

187 2557 364 2624 lirent,
412 2565 647 2613 mentem
692 2558 976 2627 multiplici
1019 2576 1201 2613 rerum
1245 2558 1436 2613 notitia
1479 2575 1587 2613 non
1631 2566 1740 2612 tam

187 2657 465 2713 erudirent
514 2674 677 2726 quam
728 2659 1035 2726 opplerentl
1090 2658 1231 2713 Haec
1280 2657 1446 2726 igitur
1496 2657 1565 2713 sit
1612 2676 1741 2712 cura

187 2763 303 2810 tum
359 2754 708 2824 Superiorum
768 2764 885 2811 tum
949 2757 1346 2812 praefectorum
1408 2756 1628 2825 spiritus
1690 2763 1742 2810 et

187 2855 510 2922 studiorum,
574 2862 633 2909 ut
692 2855 882 2924 nostri,
937 2855 974 2910 ii
1027 2857 1346 2926 praesertim
1408 2856 1502 2925 qui
1557 2872 1739 2910 rerum

187 2954 365 3009 minus
409 2954 610 3023 experti
660 2962 802 3022 sunt,
849 2955 903 3009 in
947 2955 1098 3010 libris
1143 2973 1278 3025 quos
1330 2957 1577 3010 evolvant
1621 2953 1741 3008 seli-

187 3054 395 3122 gendis,
443 3072 549 3109 non
599 3056 761 3110 modo
805 3055 907 3109 sibi
952 3073 1059 3110 non
1102 3056 1501 3125 permittantur,
1552 3071 1738 3109 verum

188 3154 351 3209 etiam
383 3154 528 3223 quod
560 3155 659 3209 hac
692 3154 745 3208 in
776 3171 833 3209 re
867 3155 1085 3224 prodest
1114 3163 1167 3210 et
1196 3162 1351 3210 nocet
1383 3154 1482 3208 rite
1514 3153 1740 3208 docean-

1852 669 1977 714 Decr.
2002 671 2051 715 15

1786 723 1946 778 Congr.
1970 725 2108 774 XXII:

1787 778 1865 833 Ep.
1894 779 1936 822 P.
1971 780 2109 825 Beckx

1814 847 1929 877 anno
1962 835 2080 880 1860.
